,time,Main Price,Prev Close,Open,Bid,Ask,Volume
1,28-9-2018  13:56:16,225.04,224.95,224.79,225.08 x 800,225.08 x 800,27964356
2,28-9-2018  13:56:32,225.04,224.95,224.79,225.08 x 800,225.08 x 800,27964356
3,28-9-2018  13:56:49,225.02,224.95,224.79,225.08 x 800,225.08 x 800,27964356
4,28-9-2018  13:57:5,225.0136,224.95,224.79,225.0400 x 800,225.0500 x 800,27964356
5,28-9-2018  13:57:22,225.0,224.95,224.79,225.04 x 800,225.05 x 800,27964356
6,28-9-2018  13:57:38,224.99,224.95,224.79,225.07 x 800,225.05 x 800,27964356
7,28-9-2018  13:57:55,225.03,224.95,224.79,225.07 x 800,225.06 x 800,27964356
8,28-9-2018  13:58:11,225.03,224.95,224.79,225.07 x 800,225.06 x 800,27964356
9,28-9-2018  13:58:28,225.02,224.95,224.79,225.07 x 800,225.06 x 800,27964356
10,28-9-2018  13:58:44,225.03,224.95,224.79,225.05 x 800,225.07 x 800,27964356
11,28-9-2018  13:59:0,225.0,224.95,224.79,225.05 x 800,225.07 x 800,27964356
12,28-9-2018  13:59:17,224.99,224.95,224.79,225.05 x 800,225.07 x 800,27964356
13,28-9-2018  13:59:33,225.03,224.95,224.79,225.06 x 800,225.08 x 800,27964356
14,28-9-2018  13:59:50,225.02,224.95,224.79,225.06 x 800,225.08 x 800,27964356
15,28-9-2018  14:0:6,225.03,224.95,224.79,225.06 x 800,225.08 x 800,27964356
16,28-9-2018  14:0:22,225.03,224.95,224.79,225.09 x 800,225.10 x 800,27964356
17,28-9-2018  14:0:39,225.05,224.95,224.79,225.09 x 800,225.10 x 800,27964356
18,28-9-2018  14:0:55,225.0301,224.95,224.79,225.0900 x 800,225.1000 x 800,27964356
19,28-9-2018  14:1:11,225.015,224.95,224.79,225.0900 x 800,225.1000 x 800,27964356
20,28-9-2018  14:1:28,225.01,224.95,224.79,225.04 x 800,225.05 x 800,27964356
21,28-9-2018  14:1:44,225.0,224.95,224.79,225.04 x 800,225.05 x 800,27964356
22,28-9-2018  14:2:0,225.02,224.95,224.79,225.04 x 800,225.05 x 800,27964356
23,28-9-2018  14:2:17,225.01,224.95,224.79,225.06 x 800,225.06 x 800,27964356
24,28-9-2018  14:2:33,225.03,224.95,224.79,225.06 x 800,225.06 x 800,27964356
25,28-9-2018  14:2:50,225.01,224.95,224.79,225.060 x 800,225.060 x 800,27964356
26,28-9-2018  14:3:6,225.02,224.95,224.79,225.07 x 800,225.09 x 800,27964356
27,28-9-2018  14:3:22,225.02,224.95,224.79,225.07 x 800,225.09 x 800,27964356
28,28-9-2018  14:3:39,225.0321,224.95,224.79,225.0700 x 800,225.0900 x 800,27964356
29,28-9-2018  14:3:55,225.02,224.95,224.79,225.07 x 800,225.08 x 800,27964356
30,28-9-2018  14:4:12,225.0,224.95,224.79,225.06 x 800,225.08 x 800,27964356
31,28-9-2018  14:4:28,225.02,224.95,224.79,225.06 x 800,225.04 x 800,27964356
32,28-9-2018  14:4:44,225.0,224.95,224.79,225.07 x 800,225.04 x 800,27964356
33,28-9-2018  14:5:1,225.0,224.95,224.79,225.070 x 800,225.040 x 800,27964356
34,28-9-2018  14:5:17,224.99,224.95,224.79,225.07 x 800,225.15 x 800,27964356
35,28-9-2018  14:5:34,225.0,224.95,224.79,225.0700 x 800,225.1500 x 800,27964356
36,28-9-2018  14:5:51,225.01,224.95,224.79,225.19 x 800,225.15 x 800,27964356
37,28-9-2018  14:6:7,225.02,224.95,224.79,225.19 x 800,225.19 x 800,27964356
38,28-9-2018  14:6:23,225.0301,224.95,224.79,225.1400 x 800,225.1900 x 800,27964356
39,28-9-2018  14:6:39,225.04,224.95,224.79,225.14 x 800,225.19 x 800,27964356
40,28-9-2018  14:6:56,225.01,224.95,224.79,225.14 x 800,225.16 x 800,27964356
41,28-9-2018  14:7:20,225.03,224.95,224.79,225.10 x 800,225.16 x 800,27964356
42,28-9-2018  14:7:36,225.01,224.95,224.79,225.10 x 800,225.16 x 800,27964356
43,28-9-2018  14:7:53,225.02,224.95,224.79,225.10 x 800,225.12 x 800,27964356
44,28-9-2018  14:8:9,225.02,224.95,224.79,225.100 x 800,225.120 x 800,27964356
45,28-9-2018  14:8:26,225.02,224.95,224.79,225.10 x 800,225.12 x 800,27964356
46,28-9-2018  14:8:42,225.03,224.95,224.79,225.100 x 800,225.110 x 800,27964356
47,28-9-2018  14:8:58,225.06,224.95,224.79,225.09 x 800,225.11 x 800,27964356
48,28-9-2018  14:9:15,225.09,224.95,224.79,225.09 x 800,225.11 x 800,27964356
49,28-9-2018  14:9:31,225.04,224.95,224.79,225.090 x 800,225.090 x 800,27964356
50,28-9-2018  14:9:47,225.01,224.95,224.79,225.10 x 800,225.09 x 800,27964356
51,28-9-2018  14:10:3,224.98,224.95,224.79,225.10 x 800,225.09 x 800,27964356
52,28-9-2018  14:10:20,225.05,224.95,224.79,225.10 x 800,225.04 x 800,27964356
53,28-9-2018  14:10:37,225.0601,224.95,224.79,225.0400 x 800,225.0400 x 800,27964356
54,28-9-2018  14:10:53,225.06,224.95,224.79,225.04 x 800,225.03 x 800,27964356
55,28-9-2018  14:11:9,225.03,224.95,224.79,225.03 x 800,225.03 x 800,27964356
56,28-9-2018  14:11:25,225.01,224.95,224.79,225.03 x 800,225.03 x 800,27964356
57,28-9-2018  14:11:42,224.965,224.95,224.79,225.030 x 800,225.030 x 800,27964356
58,28-9-2018  14:11:58,224.9,224.95,224.79,225.03 x 800,225.03 x 800,27964356
59,28-9-2018  14:12:14,224.94,224.95,224.79,224.99 x 800,225.03 x 800,27964356
60,28-9-2018  14:12:30,225.02,224.95,224.79,224.99 x 800,225.03 x 800,27964356
61,28-9-2018  14:12:46,225.06,224.95,224.79,224.9900 x 800,225.0100 x 800,27964356
62,28-9-2018  14:13:2,225.09,224.95,224.79,224.99 x 800,225.01 x 800,27964356
63,28-9-2018  14:13:19,225.06,224.95,224.79,224.99 x 800,225.03 x 800,27964356
64,28-9-2018  14:13:35,225.05,224.95,224.79,224.99 x 1400,225.03 x 800,27964356
65,28-9-2018  14:13:51,225.05,224.95,224.79,224.99 x 1400,225.03 x 800,27964356
66,28-9-2018  14:14:7,225.02,224.95,224.79,224.99 x 1400,225.02 x 800,27964356
67,28-9-2018  14:14:23,225.05,224.95,224.79,225.00 x 1400,225.02 x 800,27964356
68,28-9-2018  14:14:40,225.03,224.95,224.79,225.00 x 1400,225.02 x 800,27964356
69,28-9-2018  14:14:56,225.04,224.95,224.79,225.00 x 1400,225.02 x 800,27964356
70,28-9-2018  14:15:12,225.01,224.95,224.79,225.00 x 1400,225.02 x 800,27964356
71,28-9-2018  14:15:28,225.01,224.95,224.79,225.03 x 1400,225.02 x 800,27964356
72,28-9-2018  14:15:45,225.02,224.95,224.79,225.03 x 1400,225.05 x 800,27964356
73,28-9-2018  14:16:1,225.008,224.95,224.79,225.020 x 1400,225.050 x 800,27964356
74,28-9-2018  14:16:17,225.01,224.95,224.79,225.0200 x 1400,225.0500 x 800,27964356
75,28-9-2018  14:16:34,225.08,224.95,224.79,225.02 x 1400,225.02 x 800,27964356
76,28-9-2018  14:16:50,225.08,224.95,224.79,224.9900 x 1400,225.0200 x 800,27964356
77,28-9-2018  14:17:6,225.03,224.95,224.79,224.99 x 1400,225.02 x 800,27964356
78,28-9-2018  14:17:22,225.03,224.95,224.79,224.99 x 1400,225.02 x 800,27964356
79,28-9-2018  14:17:39,225.04,224.95,224.79,225.03 x 1400,225.01 x 800,27964356
80,28-9-2018  14:17:55,225.0651,224.95,224.79,225.0300 x 1400,225.0100 x 800,27964356
81,28-9-2018  14:18:11,225.061,224.95,224.79,225.030 x 1400,225.030 x 800,27964356
82,28-9-2018  14:18:27,225.04,224.95,224.79,225.01 x 1400,225.03 x 800,27964356
83,28-9-2018  14:18:43,225.01,224.95,224.79,225.01 x 1400,225.03 x 800,27964356
84,28-9-2018  14:18:59,225.04,224.95,224.79,225.01 x 1400,225.03 x 800,27964356
85,28-9-2018  14:19:15,225.04,224.95,224.79,225.01 x 1400,225.03 x 800,27964356
86,28-9-2018  14:19:31,225.02,224.95,224.79,225.01 x 1400,225.03 x 800,27964356
87,28-9-2018  14:19:48,225.03,224.95,224.79,225.01 x 1400,225.00 x 800,27964356
88,28-9-2018  14:20:4,225.02,224.95,224.79,224.99 x 1400,225.00 x 800,27964356
89,28-9-2018  14:20:20,225.02,224.95,224.79,224.99 x 1400,225.00 x 800,27964356
90,28-9-2018  14:20:36,225.02,224.95,224.79,224.98 x 1400,224.99 x 1000,27964356
91,28-9-2018  14:20:52,225.04,224.95,224.79,224.98 x 1400,224.99 x 1000,27964356
92,28-9-2018  14:21:9,225.03,224.95,224.79,224.98 x 1400,224.99 x 1000,27964356
93,28-9-2018  14:21:25,225.03,224.95,224.79,224.98 x 1400,224.99 x 1000,27964356
94,28-9-2018  14:21:41,225.08,224.95,224.79,225.02 x 1400,225.03 x 1000,27964356
95,28-9-2018  14:21:57,225.05,224.95,224.79,225.02 x 1400,225.03 x 1000,27964356
96,28-9-2018  14:22:13,225.01,224.95,224.79,225.02 x 1400,225.03 x 1000,27964356
97,28-9-2018  14:22:29,225.0,224.95,224.79,225.01 x 1400,225.03 x 1000,27964356
98,28-9-2018  14:22:45,225.03,224.95,224.79,225.01 x 1400,225.03 x 1000,27964356
99,28-9-2018  14:23:1,225.04,224.95,224.79,225.0100 x 1400,225.0300 x 1000,27964356
100,28-9-2018  14:23:17,225.05,224.95,224.79,225.02 x 800,225.03 x 800,27964356
101,28-9-2018  14:23:33,225.02,224.95,224.79,225.0200 x 800,225.0300 x 800,27964356
102,28-9-2018  14:23:49,225.01,224.95,224.79,225.02 x 800,225.03 x 800,27964356
103,28-9-2018  14:24:5,225.0042,224.95,224.79,225.0800 x 800,225.0800 x 800,27964356
104,28-9-2018  14:24:21,225.0,224.95,224.79,225.08 x 800,225.08 x 800,27964356
105,28-9-2018  14:24:38,224.99,224.95,224.79,225.08 x 800,225.08 x 800,27964356
106,28-9-2018  14:24:54,225.0,224.95,224.79,225.02 x 800,225.04 x 800,27964356
107,28-9-2018  14:25:10,225.0,224.95,224.79,225.020 x 800,225.040 x 800,27964356
108,28-9-2018  14:25:26,224.98,224.95,224.79,225.02 x 800,225.04 x 800,27964356
109,28-9-2018  14:25:42,225.001,224.95,224.79,225.040 x 800,225.060 x 800,27964356
110,28-9-2018  14:25:58,225.04,224.95,224.79,225.04 x 800,225.06 x 800,27964356
111,28-9-2018  14:26:15,225.03,224.95,224.79,225.04 x 800,225.06 x 800,27964356
112,28-9-2018  14:26:31,224.95,224.95,224.79,225.01 x 800,225.03 x 800,27964356
113,28-9-2018  14:26:47,224.91,224.95,224.79,225.01 x 800,225.03 x 800,27964356
114,28-9-2018  14:27:3,224.83,224.95,224.79,224.90 x 800,224.94 x 800,27964356
115,28-9-2018  14:27:19,224.72,224.95,224.79,224.90 x 800,224.94 x 800,27964356
116,28-9-2018  14:27:36,224.6877,224.95,224.79,224.9000 x 800,224.9400 x 800,27964356
117,28-9-2018  14:27:52,224.65,224.95,224.79,224.90 x 800,225.06 x 800,27964356
118,28-9-2018  14:28:8,224.6875,224.95,224.79,225.0500 x 800,225.0600 x 800,27964356
119,28-9-2018  14:28:24,224.7,224.95,224.79,225.05 x 800,225.06 x 800,27964356
120,28-9-2018  14:28:40,224.8099,224.95,224.79,225.0200 x 800,225.0400 x 800,27964356
121,28-9-2018  14:28:57,224.7822,224.95,224.79,225.0200 x 800,225.0400 x 800,27964356
122,28-9-2018  14:29:13,224.77,224.95,224.79,225.02 x 800,225.04 x 800,27964356
123,28-9-2018  14:29:29,224.81,224.95,224.79,225.0200 x 800,225.0300 x 800,27964356
124,28-9-2018  14:29:45,224.83,224.95,224.79,225.02 x 800,225.03 x 800,27964356
125,28-9-2018  14:30:1,224.8026,224.95,224.79,225.0200 x 800,225.0300 x 800,27964356
126,28-9-2018  14:30:18,224.79,224.95,224.79,225.00 x 800,225.04 x 800,27964356
127,28-9-2018  14:30:34,224.75,224.95,224.79,225.00 x 800,225.04 x 800,27964356
128,28-9-2018  14:30:50,224.755,224.95,224.79,225.000 x 800,225.040 x 800,27964356
129,28-9-2018  14:31:6,224.79,224.95,224.79,225.000 x 800,225.010 x 800,27964356
130,28-9-2018  14:31:22,224.81,224.95,224.79,225.00 x 800,225.01 x 800,27964356
131,28-9-2018  14:31:38,224.87,224.95,224.79,225.00 x 800,225.01 x 800,27964356
132,28-9-2018  14:31:54,224.9134,224.95,224.79,225.0700 x 800,225.0900 x 800,27964356
133,28-9-2018  14:32:11,224.97,224.95,224.79,225.070 x 800,225.090 x 800,27964356
134,28-9-2018  14:32:27,224.96,224.95,224.79,225.07 x 800,225.09 x 800,27964356
135,28-9-2018  14:32:43,224.97,224.95,224.79,225.04 x 800,225.04 x 800,27964356
136,28-9-2018  14:33:0,224.92,224.95,224.79,225.04 x 800,225.04 x 800,27964356
137,28-9-2018  14:33:16,224.96,224.95,224.79,225.040 x 800,225.040 x 800,27964356
138,28-9-2018  14:33:32,224.95,224.95,224.79,225.05 x 800,225.06 x 800,27964356
139,28-9-2018  14:33:49,224.92,224.95,224.79,225.0500 x 800,225.0600 x 800,27964356
140,28-9-2018  14:34:5,224.88,224.95,224.79,225.05 x 800,225.06 x 800,27964356
141,28-9-2018  14:34:21,224.915,224.95,224.79,225.040 x 800,225.050 x 800,27964356
142,28-9-2018  14:34:37,224.948,224.95,224.79,225.040 x 800,225.050 x 800,27964356
143,28-9-2018  14:34:54,224.98,224.95,224.79,225.04 x 800,225.05 x 800,27964356
144,28-9-2018  14:35:10,225.0001,224.95,224.79,225.0100 x 800,225.0300 x 800,27964356
145,28-9-2018  14:35:26,225.02,224.95,224.79,225.01 x 800,225.03 x 800,27964356
146,28-9-2018  14:35:43,225.0325,224.95,224.79,225.0100 x 800,225.0300 x 800,27964356
147,28-9-2018  14:35:59,224.998,224.95,224.79,225.040 x 800,225.050 x 800,27964356
148,28-9-2018  14:36:15,224.98,224.95,224.79,225.04 x 800,225.05 x 800,27964356
149,28-9-2018  14:36:32,224.975,224.95,224.79,225.040 x 800,225.050 x 800,27964356
150,28-9-2018  14:36:48,225.0176,224.95,224.79,225.0500 x 800,225.0500 x 800,27964356
151,28-9-2018  14:37:4,225.02,224.95,224.79,225.05 x 800,225.05 x 800,27964356
152,28-9-2018  14:37:21,225.03,224.95,224.79,224.99 x 800,225.05 x 800,27964356
153,28-9-2018  14:37:37,225.03,224.95,224.79,224.99 x 800,225.01 x 800,27964356
154,28-9-2018  14:37:53,225.01,224.95,224.79,224.99 x 800,225.01 x 800,27964356
155,28-9-2018  14:38:9,225.01,224.95,224.79,224.9900 x 800,225.0100 x 800,27964356
156,28-9-2018  14:38:25,225.01,224.95,224.79,225.04 x 800,225.04 x 800,27964356
157,28-9-2018  14:38:41,225.04,224.95,224.79,225.04 x 800,225.04 x 800,27964356
158,28-9-2018  14:38:58,225.04,224.95,224.79,225.04 x 800,225.02 x 800,27964356
159,28-9-2018  14:39:14,225.01,224.95,224.79,225.00 x 800,225.02 x 800,27964356
160,28-9-2018  14:39:30,225.03,224.95,224.79,225.00 x 800,225.02 x 800,27964356
161,28-9-2018  14:39:46,225.05,224.95,224.79,224.99 x 800,225.00 x 800,27964356
162,28-9-2018  14:40:2,225.02,224.95,224.79,224.99 x 800,225.00 x 800,27964356
163,28-9-2018  14:40:19,224.96,224.95,224.79,224.99 x 800,225.00 x 800,27964356
164,28-9-2018  14:40:35,225.03,224.95,224.79,224.96 x 800,224.97 x 800,27964356
165,28-9-2018  14:40:51,225.04,224.95,224.79,224.96 x 800,224.97 x 800,27964356
166,28-9-2018  14:41:8,225.055,224.95,224.79,224.960 x 800,224.970 x 800,27964356
167,28-9-2018  14:41:24,225.085,224.95,224.79,225.020 x 800,225.030 x 800,27964356
168,28-9-2018  14:41:40,225.105,224.95,224.79,225.02 x 800,225.03 x 800,27964356
169,28-9-2018  14:41:56,225.05,224.95,224.79,225.02 x 800,225.03 x 800,27964356
170,28-9-2018  14:42:13,225.06,224.95,224.79,224.82 x 800,224.84 x 800,27964356
171,28-9-2018  14:42:29,225.05,224.95,224.79,224.82 x 800,224.84 x 800,27964356
172,28-9-2018  14:42:45,225.0332,224.95,224.79,224.8200 x 800,224.8400 x 800,27964356
173,28-9-2018  14:43:1,225.06,224.95,224.79,224.65 x 800,224.68 x 800,27964356
174,28-9-2018  14:43:17,225.05,224.95,224.79,224.65 x 800,224.68 x 800,27964356
175,28-9-2018  14:43:33,225.11,224.95,224.79,224.6500 x 800,224.6800 x 800,27964356
176,28-9-2018  14:43:49,225.12,224.95,224.79,224.72 x 800,224.75 x 800,27964356
177,28-9-2018  14:44:6,225.12,224.95,224.79,224.72 x 800,224.75 x 800,27964356
178,28-9-2018  14:44:22,225.1,224.95,224.79,224.720 x 800,224.750 x 800,27964356
179,28-9-2018  14:44:38,225.11,224.95,224.79,224.77 x 800,224.78 x 800,27964356
180,28-9-2018  14:44:54,225.09,224.95,224.79,224.7700 x 800,224.7800 x 800,27964356
181,28-9-2018  14:45:10,225.07,224.95,224.79,224.79 x 800,224.83 x 800,27964356
182,28-9-2018  14:45:27,225.03,224.95,224.79,224.79 x 800,224.83 x 800,27964356
183,28-9-2018  14:45:43,225.02,224.95,224.79,224.79 x 800,224.83 x 800,27964356
184,28-9-2018  14:45:59,225.065,224.95,224.79,224.760 x 800,224.780 x 800,27964356
185,28-9-2018  14:46:15,225.06,224.95,224.79,224.76 x 800,224.78 x 800,27964356
186,28-9-2018  14:46:31,225.05,224.95,224.79,224.7600 x 800,224.7800 x 800,27964356
187,28-9-2018  14:46:48,225.02,224.95,224.79,224.87 x 800,224.89 x 800,27964356
188,28-9-2018  14:47:4,225.03,224.95,224.79,224.87 x 800,224.89 x 800,27964356
189,28-9-2018  14:47:20,225.075,224.95,224.79,224.870 x 800,224.890 x 800,27964356
190,28-9-2018  14:47:36,225.02,224.95,224.79,224.96 x 800,224.96 x 800,27964356
191,28-9-2018  14:47:52,225.01,224.95,224.79,224.96 x 800,224.96 x 800,27964356
192,28-9-2018  14:48:8,225.01,224.95,224.79,224.96 x 800,224.96 x 800,27964356
193,28-9-2018  14:48:25,225.01,224.95,224.79,224.96 x 800,224.97 x 800,27964356
194,28-9-2018  14:48:40,225.02,224.95,224.79,224.94 x 800,224.97 x 800,27964356
195,28-9-2018  14:48:57,225.03,224.95,224.79,224.94 x 800,224.97 x 800,27964356
196,28-9-2018  14:49:13,225.01,224.95,224.79,224.94 x 800,224.87 x 800,27964356
197,28-9-2018  14:49:29,225.0425,224.95,224.79,224.94 x 800,224.87 x 800,27964356
198,28-9-2018  14:49:46,225.035,224.95,224.79,224.920 x 1000,224.870 x 800,27964356
199,28-9-2018  14:50:2,225.04,224.95,224.79,224.92 x 1000,224.96 x 800,27964356
200,28-9-2018  14:50:18,225.05,224.95,224.79,224.92 x 1000,224.96 x 800,27964356
201,28-9-2018  14:50:34,225.03,224.95,224.79,225.02 x 1000,224.96 x 800,27964356
202,28-9-2018  14:50:50,225.051,224.95,224.79,225.020 x 1000,225.040 x 800,27964356
203,28-9-2018  14:51:7,225.06,224.95,224.79,225.020 x 1000,225.040 x 800,27964356
204,28-9-2018  14:51:23,225.13,224.95,224.79,224.98 x 1400,225.04 x 800,27964356
205,28-9-2018  14:51:40,225.09,224.95,224.79,224.98 x 1400,224.99 x 800,27964356
206,28-9-2018  14:51:56,225.08,224.95,224.79,224.98 x 1400,224.99 x 800,27964356
207,28-9-2018  14:52:12,225.15,224.95,224.79,225.02 x 1400,224.99 x 800,27964356
208,28-9-2018  14:52:28,225.13,224.95,224.79,225.02 x 1400,225.04 x 800,27964356
209,28-9-2018  14:52:44,225.15,224.95,224.79,225.02 x 1400,225.04 x 800,27964356
210,28-9-2018  14:53:0,225.18,224.95,224.79,225.01 x 1400,225.04 x 800,27964356
211,28-9-2018  14:53:16,225.145,224.95,224.79,225.010 x 1400,225.000 x 800,27964356
212,28-9-2018  14:53:33,225.15,224.95,224.79,225.01 x 1400,225.00 x 800,27964356
213,28-9-2018  14:53:50,225.1899,224.95,224.79,225.0400 x 1400,225.0000 x 800,27964356
214,28-9-2018  14:54:6,225.19,224.95,224.79,225.040 x 1400,225.040 x 800,27964356
215,28-9-2018  14:54:22,225.185,224.95,224.79,225.040 x 1400,225.040 x 800,27964356
216,28-9-2018  14:54:38,225.192,224.95,224.79,225.06 x 1400,225.04 x 800,27964356
217,28-9-2018  14:54:55,225.19,224.95,224.79,225.06 x 1400,225.07 x 800,27964356
218,28-9-2018  14:55:11,225.2499,224.95,224.79,225.0600 x 1400,225.0700 x 800,27964356
219,28-9-2018  14:55:27,225.26,224.95,224.79,224.97 x 1400,225.07 x 800,27964356
220,28-9-2018  14:55:43,225.32,224.95,224.79,224.97 x 1400,225.01 x 800,27964356
221,28-9-2018  14:55:59,225.27,224.95,224.79,224.97 x 1400,225.01 x 800,27964356
222,28-9-2018  14:56:16,225.33,224.95,224.79,225.04 x 1400,225.01 x 800,27964356
223,28-9-2018  14:56:32,225.3524,224.95,224.79,225.0400 x 1400,225.0600 x 800,27964356
224,28-9-2018  14:56:48,225.37,224.95,224.79,225.04 x 1400,225.06 x 800,27964356
225,28-9-2018  14:57:4,225.35,224.95,224.79,225.04 x 1400,225.06 x 800,27964356
226,28-9-2018  14:57:20,225.29,224.95,224.79,225.04 x 1400,225.06 x 800,27964356
227,28-9-2018  14:57:37,225.27,224.95,224.79,225.04 x 1400,225.06 x 800,27964356
228,28-9-2018  14:57:54,225.3,224.95,224.79,225.03 x 1400,225.06 x 800,27964356
229,28-9-2018  14:58:10,225.39,224.95,224.79,225.03 x 1400,225.06 x 800,27964356
230,28-9-2018  14:58:26,225.3178,224.95,224.79,225.0300 x 1400,225.0600 x 800,27964356
231,28-9-2018  14:58:43,225.33,224.95,224.79,225.10 x 1400,225.11 x 800,27964356
232,28-9-2018  14:58:59,225.4135,224.95,224.79,225.100 x 1400,225.110 x 800,27964356
233,28-9-2018  14:59:16,225.37,224.95,224.79,225.10 x 1400,225.11 x 800,27964356
234,28-9-2018  14:59:32,225.47,224.95,224.79,225.09 x 1400,225.10 x 800,27964356
235,28-9-2018  14:59:49,225.52,224.95,224.79,225.09 x 1400,225.10 x 800,27964356
236,28-9-2018  15:0:5,225.43,224.95,224.79,225.09 x 1400,225.10 x 800,27964356
237,28-9-2018  15:0:21,225.465,224.95,224.79,225.070 x 1400,225.070 x 800,27964356
238,28-9-2018  15:0:38,225.43,224.95,224.79,225.07 x 1400,225.07 x 800,27964356
239,28-9-2018  15:0:54,225.48,224.95,224.79,225.07 x 1400,225.07 x 800,27964356
240,28-9-2018  15:1:10,225.49,224.95,224.79,225.04 x 1400,225.05 x 800,27964356
241,28-9-2018  15:1:28,225.49,224.95,224.79,225.04 x 1400,225.05 x 800,27964356
242,28-9-2018  15:1:44,225.467,224.95,224.79,225.040 x 1400,225.050 x 800,27964356
243,28-9-2018  15:2:1,225.44,224.95,224.79,225.00 x 1400,225.02 x 800,27964356
244,28-9-2018  15:2:16,225.45,224.95,224.79,225.00 x 1400,225.02 x 800,27964356
245,28-9-2018  15:2:33,225.46,224.95,224.79,225.00 x 1400,225.02 x 800,27964356
246,28-9-2018  15:2:49,225.46,224.95,224.79,225.00 x 1400,225.01 x 800,27964356
247,28-9-2018  15:3:6,225.42,224.95,224.79,225.00 x 1400,225.01 x 800,27964356
248,28-9-2018  15:3:22,225.38,224.95,224.79,225.0000 x 1400,225.0100 x 800,27964356
249,28-9-2018  15:3:38,225.35,224.95,224.79,225.00 x 1400,225.01 x 800,27964356
250,28-9-2018  15:3:54,225.36,224.95,224.79,225.00 x 1400,225.01 x 800,27964356
251,28-9-2018  15:4:18,225.31,224.95,224.79,225.00 x 1400,225.02 x 800,27964356
252,28-9-2018  15:4:35,225.34,224.95,224.79,225.00 x 1400,225.02 x 800,27964356
253,28-9-2018  15:4:51,225.33,224.95,224.79,225.00 x 1400,225.02 x 800,27964356
254,28-9-2018  15:5:8,225.32,224.95,224.79,225.00 x 1400,225.02 x 800,27964356
255,28-9-2018  15:5:24,225.35,224.95,224.79,225.04 x 1400,225.05 x 800,27964356
256,28-9-2018  15:5:41,225.32,224.95,224.79,225.04 x 1400,225.05 x 800,27964356
257,28-9-2018  15:5:57,225.31,224.95,224.79,225.04 x 1400,225.05 x 800,27964356
258,28-9-2018  15:6:13,225.23,224.95,224.79,225.040 x 1400,225.050 x 800,27964356
259,28-9-2018  15:6:30,225.2801,224.95,224.79,225.0400 x 1400,225.0500 x 800,27964356
260,28-9-2018  15:6:46,225.26,224.95,224.79,225.10 x 1400,225.10 x 800,27964356
261,28-9-2018  15:7:2,225.2733,224.95,224.79,225.1000 x 1400,225.1000 x 800,27964356
262,28-9-2018  15:7:18,225.22,224.95,224.79,225.10 x 1400,225.10 x 800,27964356
263,28-9-2018  15:7:42,225.22,224.95,224.79,225.13 x 1400,225.13 x 800,27964356
264,28-9-2018  15:8:6,225.22,224.95,224.79,225.13 x 1400,225.13 x 800,27964356
265,28-9-2018  15:8:22,225.2399,224.95,224.79,225.1300 x 1400,225.1300 x 800,27964356
266,28-9-2018  15:8:39,225.22,224.95,224.79,225.15 x 1400,225.15 x 800,27964356
267,28-9-2018  15:8:55,225.22,224.95,224.79,225.15 x 1400,225.15 x 800,27964356
268,28-9-2018  15:9:11,225.2,224.95,224.79,225.19 x 900,225.15 x 800,27964356
269,28-9-2018  15:9:28,225.1782,224.95,224.79,225.1900 x 900,225.2000 x 800,27964356
270,28-9-2018  15:9:44,225.17,224.95,224.79,225.19 x 900,225.20 x 800,27964356
271,28-9-2018  15:10:0,225.145,224.95,224.79,225.180 x 900,225.200 x 800,27964356
272,28-9-2018  15:10:17,225.14,224.95,224.79,225.18 x 900,225.20 x 800,27964356
273,28-9-2018  15:10:33,225.15,224.95,224.79,225.18 x 900,225.20 x 800,27964356
274,28-9-2018  15:10:49,225.15,224.95,224.79,225.32 x 900,225.32 x 800,27964356
275,28-9-2018  15:11:5,225.14,224.95,224.79,225.320 x 900,225.320 x 800,27964356
276,28-9-2018  15:11:22,225.12,224.95,224.79,225.320 x 900,225.320 x 800,27964356
277,28-9-2018  15:11:38,225.16,224.95,224.79,225.33 x 900,225.37 x 800,27964356
278,28-9-2018  15:11:54,225.14,224.95,224.79,225.33 x 900,225.37 x 800,27964356
279,28-9-2018  15:12:10,225.13,224.95,224.79,225.34 x 900,225.37 x 800,27964356
280,28-9-2018  15:12:27,225.13,224.95,224.79,225.34 x 900,225.29 x 800,27964356
281,28-9-2018  15:12:43,225.18,224.95,224.79,225.3400 x 900,225.2900 x 800,27964356
282,28-9-2018  15:13:0,225.14,224.95,224.79,225.34 x 900,225.29 x 800,27964356
283,28-9-2018  15:13:16,225.14,224.95,224.79,225.34 x 900,225.35 x 800,27964356
284,28-9-2018  15:13:32,225.1103,224.95,224.79,225.3400 x 900,225.3500 x 800,27964356
285,28-9-2018  15:13:48,225.09,224.95,224.79,225.34 x 900,225.35 x 800,27964356
286,28-9-2018  15:14:5,225.1,224.95,224.79,225.36 x 900,225.37 x 800,27964356
287,28-9-2018  15:14:21,225.075,224.95,224.79,225.3600 x 900,225.3700 x 800,27964356
288,28-9-2018  15:14:37,225.09,224.95,224.79,225.450 x 900,225.480 x 800,27964356
289,28-9-2018  15:14:53,225.1,224.95,224.79,225.45 x 900,225.48 x 800,27964356
290,28-9-2018  15:15:10,225.07,224.95,224.79,225.45 x 900,225.48 x 800,27964356
291,28-9-2018  15:15:26,225.04,224.95,224.79,225.46 x 900,225.48 x 800,27964356
292,28-9-2018  15:15:42,225.04,224.95,224.79,225.46 x 900,225.48 x 800,27964356
293,28-9-2018  15:15:58,225.02,224.95,224.79,225.46 x 900,225.48 x 800,27964356
294,28-9-2018  15:16:14,225.05,224.95,224.79,225.46 x 900,225.48 x 800,27964356
295,28-9-2018  15:16:30,225.012,224.95,224.79,225.480 x 900,225.490 x 800,27964356
296,28-9-2018  15:16:47,225.01,224.95,224.79,225.48 x 900,225.49 x 800,27964356
297,28-9-2018  15:17:3,225.01,224.95,224.79,225.46 x 900,225.47 x 800,27964356
298,28-9-2018  15:17:20,225.0585,224.95,224.79,225.4600 x 900,225.4700 x 800,27964356
299,28-9-2018  15:17:36,225.0967,224.95,224.79,225.4600 x 900,225.4700 x 800,27964356
300,28-9-2018  15:17:53,225.03,224.95,224.79,225.47 x 900,225.48 x 800,27964356
301,28-9-2018  15:18:9,225.06,224.95,224.79,225.47 x 900,225.48 x 800,27964356
302,28-9-2018  15:18:25,225.0528,224.95,224.79,225.4700 x 900,225.4800 x 800,27964356
303,28-9-2018  15:18:41,225.07,224.95,224.79,225.36 x 900,225.38 x 800,27964356
304,28-9-2018  15:18:58,225.07,224.95,224.79,225.36 x 900,225.38 x 800,27964356
305,28-9-2018  15:19:14,225.07,224.95,224.79,225.36 x 900,225.38 x 800,27964356
306,28-9-2018  15:19:30,225.05,224.95,224.79,225.32 x 900,225.34 x 800,27964356
307,28-9-2018  15:19:46,225.0616,224.95,224.79,225.3200 x 900,225.3400 x 800,27964356
308,28-9-2018  15:20:2,225.08,224.95,224.79,225.32 x 900,225.34 x 800,27964356
309,28-9-2018  15:20:19,225.065,224.95,224.79,225.300 x 900,225.310 x 800,27964356
310,28-9-2018  15:20:35,225.11,224.95,224.79,225.3000 x 900,225.3100 x 800,27964356
311,28-9-2018  15:20:51,225.125,224.95,224.79,225.30 x 900,225.31 x 800,27964356
312,28-9-2018  15:21:7,225.165,224.95,224.79,225.300 x 900,225.310 x 800,27964356
313,28-9-2018  15:21:24,225.18,224.95,224.79,225.3000 x 900,225.3100 x 800,27964356
314,28-9-2018  15:21:40,225.1307,224.95,224.79,225.3000 x 900,225.3100 x 800,27964356
315,28-9-2018  15:21:56,225.24,224.95,224.79,225.23 x 900,225.25 x 800,27964356
316,28-9-2018  15:22:13,225.19,224.95,224.79,225.23 x 900,225.25 x 800,27964356
317,28-9-2018  15:22:29,225.25,224.95,224.79,225.20 x 900,225.20 x 800,27964356
318,28-9-2018  15:22:45,225.28,224.95,224.79,225.20 x 900,225.20 x 800,27964356
319,28-9-2018  15:23:2,225.22,224.95,224.79,225.20 x 900,225.20 x 800,27964356
320,28-9-2018  15:23:18,225.2239,224.95,224.79,225.20 x 900,225.20 x 800,27964356
321,28-9-2018  15:23:34,225.21,224.95,224.79,225.24 x 900,225.25 x 800,27964356
322,28-9-2018  15:23:50,225.24,224.95,224.79,225.24 x 900,225.25 x 800,27964356
323,28-9-2018  15:24:6,225.18,224.95,224.79,225.20 x 900,225.21 x 800,27964356
324,28-9-2018  15:24:23,225.1365,224.95,224.79,225.2000 x 900,225.2100 x 800,27964356
325,28-9-2018  15:24:39,225.14,224.95,224.79,225.20 x 900,225.21 x 800,27964356
326,28-9-2018  15:24:56,225.14,224.95,224.79,225.16 x 900,225.17 x 800,27964356
327,28-9-2018  15:25:12,225.14,224.95,224.79,225.16 x 900,225.17 x 800,27964356
328,28-9-2018  15:25:28,225.14,224.95,224.79,225.16 x 900,225.17 x 800,27964356
329,28-9-2018  15:25:44,225.1,224.95,224.79,225.13 x 900,225.15 x 800,27964356
330,28-9-2018  15:26:0,225.125,224.95,224.79,225.13 x 900,225.15 x 800,27964356
331,28-9-2018  15:26:16,225.1,224.95,224.79,225.13 x 900,225.15 x 800,27964356
332,28-9-2018  15:26:33,225.11,224.95,224.79,225.12 x 900,225.14 x 800,27964356
333,28-9-2018  15:26:49,225.1153,224.95,224.79,225.1200 x 900,225.1400 x 800,27964356
334,28-9-2018  15:27:5,225.17,224.95,224.79,225.12 x 900,225.14 x 800,27964356
335,28-9-2018  15:27:21,225.16,224.95,224.79,225.11 x 900,225.12 x 800,27964356
336,28-9-2018  15:27:37,225.11,224.95,224.79,225.11 x 900,225.12 x 800,27964356
337,28-9-2018  15:27:54,225.13,224.95,224.79,225.11 x 900,225.12 x 800,27964356
338,28-9-2018  15:28:10,225.1195,224.95,224.79,225.1200 x 900,225.1400 x 800,27964356
339,28-9-2018  15:28:26,225.09,224.95,224.79,225.120 x 900,225.140 x 800,27964356
340,28-9-2018  15:28:42,225.07,224.95,224.79,225.12 x 900,225.14 x 800,27964356
341,28-9-2018  15:28:58,225.08,224.95,224.79,225.08 x 900,225.09 x 800,27964356
342,28-9-2018  15:29:15,225.06,224.95,224.79,225.08 x 900,225.09 x 800,27964356
343,28-9-2018  15:29:31,224.99,224.95,224.79,225.08 x 900,225.09 x 800,27964356
344,28-9-2018  15:29:47,225.08,224.95,224.79,225.07 x 900,225.09 x 800,27964356
345,28-9-2018  15:30:4,225.14,224.95,224.79,225.07 x 900,225.09 x 800,27964356
346,28-9-2018  15:30:20,225.105,224.95,224.79,225.0700 x 900,225.0900 x 800,27964356
347,28-9-2018  15:30:36,225.13,224.95,224.79,224.99 x 800,225.01 x 800,27964356
348,28-9-2018  15:30:53,225.1,224.95,224.79,224.99 x 800,225.01 x 800,27964356
349,28-9-2018  15:31:9,225.05,224.95,224.79,224.99 x 800,225.01 x 800,27964356
350,28-9-2018  15:31:25,225.02,224.95,224.79,225.04 x 800,225.06 x 800,27964356
351,28-9-2018  15:31:41,225.05,224.95,224.79,225.04 x 800,225.06 x 800,27964356
352,28-9-2018  15:31:58,224.95,224.95,224.79,224.95 x 1100,224.96 x 800,27964356
353,28-9-2018  15:32:14,225.06,224.95,224.79,224.95 x 1100,224.96 x 800,27964356
354,28-9-2018  15:32:30,225.0335,224.95,224.79,224.9500 x 1100,224.9600 x 800,27964356
355,28-9-2018  15:32:46,225.03,224.95,224.79,225.0600 x 1100,225.0700 x 800,27964356
356,28-9-2018  15:33:2,225.1,224.95,224.79,225.06 x 1100,225.07 x 800,27964356
357,28-9-2018  15:33:19,225.13,224.95,224.79,225.06 x 1100,225.07 x 800,27964356
358,28-9-2018  15:33:35,225.17,224.95,224.79,225.05 x 1100,225.07 x 800,27964356
359,28-9-2018  15:33:51,225.18,224.95,224.79,225.05 x 1100,225.07 x 800,27964356
360,28-9-2018  15:34:7,225.2,224.95,224.79,225.05 x 1100,225.07 x 800,27964356
361,28-9-2018  15:34:24,225.17,224.95,224.79,225.06 x 1100,225.06 x 800,27964356
362,28-9-2018  15:34:40,225.18,224.95,224.79,225.06 x 1100,225.06 x 800,27964356
363,28-9-2018  15:34:57,225.14,224.95,224.79,225.06 x 1100,225.06 x 800,27964356
364,28-9-2018  15:35:13,225.15,224.95,224.79,225.0600 x 1100,225.0800 x 800,27964356
365,28-9-2018  15:35:29,225.13,224.95,224.79,225.06 x 1100,225.08 x 800,27964356
366,28-9-2018  15:35:46,225.13,224.95,224.79,225.06 x 1100,225.08 x 800,27964356
367,28-9-2018  15:36:2,225.09,224.95,224.79,225.15 x 1100,225.14 x 800,27964356
368,28-9-2018  15:36:18,225.08,224.95,224.79,225.15 x 1100,225.14 x 800,27964356
369,28-9-2018  15:36:34,225.1,224.95,224.79,225.15 x 1100,225.14 x 800,27964356
370,28-9-2018  15:36:50,225.13,224.95,224.79,225.13 x 1100,225.14 x 800,27964356
371,28-9-2018  15:37:7,225.13,224.95,224.79,225.130 x 1100,225.140 x 800,27964356
372,28-9-2018  15:37:23,225.11,224.95,224.79,225.13 x 1100,225.14 x 800,27964356
373,28-9-2018  15:37:39,225.1,224.95,224.79,225.1900 x 1100,225.2100 x 800,27964356
374,28-9-2018  15:37:55,225.09,224.95,224.79,225.19 x 1100,225.21 x 800,27964356
375,28-9-2018  15:38:11,225.07,224.95,224.79,225.23 x 1100,225.24 x 800,27964356
376,28-9-2018  15:38:28,225.135,224.95,224.79,225.230 x 1100,225.240 x 800,27964356
377,28-9-2018  15:38:44,225.17,224.95,224.79,225.23 x 1100,225.24 x 800,27964356
378,28-9-2018  15:39:1,225.1595,224.95,224.79,225.2200 x 1100,225.2300 x 800,27964356
379,28-9-2018  15:39:17,225.2,224.95,224.79,225.22 x 1100,225.23 x 800,27964356
380,28-9-2018  15:39:33,225.18,224.95,224.79,225.22 x 1100,225.23 x 800,27964356
381,28-9-2018  15:39:49,225.24,224.95,224.79,225.22 x 1100,225.23 x 800,27964356
382,28-9-2018  15:40:5,225.27,224.95,224.79,225.13 x 1100,225.15 x 800,27964356
383,28-9-2018  15:40:22,225.26,224.95,224.79,225.1300 x 1100,225.1500 x 800,27964356
384,28-9-2018  15:40:38,225.24,224.95,224.79,225.12 x 1100,225.14 x 800,27964356
385,28-9-2018  15:40:54,225.24,224.95,224.79,225.12 x 1100,225.14 x 800,27964356
386,28-9-2018  15:41:18,225.28,224.95,224.79,225.12 x 1100,225.14 x 800,27964356
387,28-9-2018  15:41:34,225.3,224.95,224.79,225.08 x 1100,225.10 x 800,27964356
388,28-9-2018  15:41:51,225.27,224.95,224.79,225.08 x 1100,225.10 x 800,27964356
389,28-9-2018  15:42:7,225.24,224.95,224.79,225.08 x 1100,225.10 x 800,27964356
390,28-9-2018  15:42:23,225.27,224.95,224.79,225.14 x 1100,225.16 x 800,27964356
391,28-9-2018  15:42:40,225.24,224.95,224.79,225.14 x 1100,225.16 x 800,27964356
392,28-9-2018  15:42:56,225.19,224.95,224.79,225.14 x 1100,225.13 x 800,27964356
393,28-9-2018  15:43:12,225.15,224.95,224.79,225.11 x 1100,225.13 x 800,27964356
394,28-9-2018  15:43:28,225.145,224.95,224.79,225.110 x 1100,225.130 x 800,27964356
395,28-9-2018  15:43:44,225.19,224.95,224.79,225.11 x 1100,225.07 x 800,27964356
396,28-9-2018  15:44:1,225.2,224.95,224.79,225.07 x 1200,225.07 x 800,27964356
397,28-9-2018  15:44:17,225.2,224.95,224.79,225.07 x 1200,225.07 x 800,27964356
398,28-9-2018  15:44:33,225.31,224.95,224.79,225.07 x 1200,224.96 x 800,27964356
399,28-9-2018  15:44:49,225.23,224.95,224.79,224.96 x 1200,224.96 x 800,27964356
400,28-9-2018  15:45:6,225.35,224.95,224.79,224.96 x 1200,224.96 x 800,27964356
401,28-9-2018  15:45:22,225.3478,224.95,224.79,224.9600 x 1200,225.1200 x 800,27964356
402,28-9-2018  15:45:38,225.31,224.95,224.79,225.11 x 1200,225.12 x 800,27964356
403,28-9-2018  15:45:54,225.315,224.95,224.79,225.11 x 1200,225.12 x 800,27964356
404,28-9-2018  15:46:10,225.26,224.95,224.79,225.11 x 1200,225.06 x 800,27964356
405,28-9-2018  15:46:27,225.34,224.95,224.79,225.04 x 1200,225.06 x 800,27964356
406,28-9-2018  15:46:43,225.3399,224.95,224.79,225.0400 x 1200,225.0600 x 800,27964356
407,28-9-2018  15:46:59,225.32,224.95,224.79,224.94 x 800,225.01 x 800,27964356
408,28-9-2018  15:47:15,225.35,224.95,224.79,224.94 x 800,225.01 x 800,27964356
409,28-9-2018  15:47:32,225.28,224.95,224.79,224.94 x 800,225.01 x 800,27964356
410,28-9-2018  15:47:48,225.34,224.95,224.79,225.05 x 800,225.05 x 800,27964356
411,28-9-2018  15:48:4,225.31,224.95,224.79,225.05 x 800,225.05 x 800,27964356
412,28-9-2018  15:48:21,225.3,224.95,224.79,225.05 x 800,225.05 x 800,27964356
413,28-9-2018  15:48:37,225.19,224.95,224.79,225.11 x 800,225.14 x 800,27964356
414,28-9-2018  15:48:53,225.24,224.95,224.79,225.11 x 800,225.14 x 800,27964356
415,28-9-2018  15:49:9,225.21,224.95,224.79,225.110 x 800,225.140 x 800,27964356
416,28-9-2018  15:49:26,225.32,224.95,224.79,225.19 x 800,225.19 x 800,27964356
417,28-9-2018  15:49:42,225.4156,224.95,224.79,225.1900 x 800,225.1900 x 800,27964356
418,28-9-2018  15:49:58,225.42,224.95,224.79,225.19 x 800,225.15 x 800,27964356
419,28-9-2018  15:50:15,225.37,224.95,224.79,225.12 x 800,225.15 x 800,27964356
420,28-9-2018  15:50:31,225.3,224.95,224.79,225.12 x 800,225.15 x 800,27964356
421,28-9-2018  15:50:48,225.29,224.95,224.79,225.12 x 800,225.14 x 800,27964356
422,28-9-2018  15:51:4,225.25,224.95,224.79,225.14 x 800,225.14 x 800,27964356
423,28-9-2018  15:51:20,225.2846,224.95,224.79,225.1400 x 800,225.1400 x 800,27964356
424,28-9-2018  15:51:36,225.27,224.95,224.79,225.140 x 800,225.120 x 800,27964356
425,28-9-2018  15:51:53,225.27,224.95,224.79,225.11 x 800,225.12 x 800,27964356
426,28-9-2018  15:52:9,225.215,224.95,224.79,225.1100 x 800,225.1200 x 800,27964356
427,28-9-2018  15:52:25,225.17,224.95,224.79,225.11 x 800,225.15 x 800,27964356
428,28-9-2018  15:52:41,225.237,224.95,224.79,225.10 x 800,225.15 x 800,27964356
429,28-9-2018  15:52:58,225.22,224.95,224.79,225.10 x 800,225.15 x 800,27964356
430,28-9-2018  15:53:14,225.23,224.95,224.79,225.0700 x 800,225.0600 x 800,27964356
431,28-9-2018  15:53:31,225.31,224.95,224.79,225.07 x 800,225.06 x 800,27964356
432,28-9-2018  15:53:47,225.35,224.95,224.79,225.07 x 800,225.06 x 800,27964356
433,28-9-2018  15:54:4,225.36,224.95,224.79,225.18 x 800,225.18 x 800,27964356
434,28-9-2018  15:54:20,225.37,224.95,224.79,225.18 x 800,225.18 x 800,27964356
435,28-9-2018  15:54:36,225.42,224.95,224.79,225.18 x 800,225.18 x 800,27964356
436,28-9-2018  15:54:53,225.5699,224.95,224.79,225.1700 x 800,225.1800 x 800,27964356
437,28-9-2018  15:55:9,225.6001,224.95,224.79,225.1700 x 800,225.1800 x 800,27964356
438,28-9-2018  15:55:25,225.6099,224.95,224.79,225.1700 x 800,225.1800 x 800,27964356
439,28-9-2018  15:55:42,225.76,224.95,224.79,225.25 x 800,225.27 x 800,27964356
440,28-9-2018  15:55:58,225.6301,224.95,224.79,225.2500 x 800,225.2700 x 800,27964356
441,28-9-2018  15:56:14,225.56,224.95,224.79,225.2500 x 800,225.2700 x 800,27964356
442,28-9-2018  15:56:30,225.53,224.95,224.79,225.26 x 800,225.28 x 800,27964356
443,28-9-2018  15:56:46,225.53,224.95,224.79,225.26 x 800,225.28 x 800,27964356
444,28-9-2018  15:57:2,225.55,224.95,224.79,225.23 x 800,225.26 x 800,27964356
445,28-9-2018  15:57:19,225.54,224.95,224.79,225.23 x 800,225.26 x 800,27964356
446,28-9-2018  15:57:35,225.51,224.95,224.79,225.23 x 800,225.26 x 800,27964356
447,28-9-2018  15:57:51,225.56,224.95,224.79,225.230 x 800,225.230 x 800,27964356
448,28-9-2018  15:58:8,225.5901,224.95,224.79,225.23 x 800,225.23 x 800,27964356
449,28-9-2018  15:58:24,225.63,224.95,224.79,225.23 x 800,225.23 x 800,27964356
450,28-9-2018  15:58:41,225.65,224.95,224.79,225.17 x 800,225.19 x 800,27964356
451,28-9-2018  15:58:57,225.79,224.95,224.79,225.17 x 800,225.19 x 800,27964356
452,28-9-2018  15:59:13,225.74,224.95,224.79,225.17 x 800,225.19 x 800,27964356
453,28-9-2018  15:59:29,225.74,224.95,224.79,225.30 x 800,225.37 x 800,27964356
454,28-9-2018  15:59:46,225.74,224.95,224.79,225.30 x 800,225.37 x 800,27964356
455,28-9-2018  16:0:2,225.74,224.95,224.79,225.30 x 800,225.37 x 800,27964356
456,28-9-2018  16:0:18,225.74,224.95,224.79,225.34 x 800,225.35 x 800,27964356
