,time,Main Price,Prev Close,Open,Bid,Ask,Volume
1,28-9-2018  13:56:17,1191.03,1194.64,1191.87,1190.32 x 800,1190.74 x 800,1414690
2,28-9-2018  13:56:34,1191.03,1194.64,1191.87,1190.32 x 800,1190.74 x 800,1414690
3,28-9-2018  13:56:50,1191.03,1194.64,1191.87,1190.32 x 800,1190.71 x 800,1414690
4,28-9-2018  13:57:7,1190.7,1194.64,1191.87,1190.32 x 800,1190.71 x 800,1414690
5,28-9-2018  13:57:23,1190.57,1194.64,1191.87,1190.32 x 800,1190.71 x 800,1414690
6,28-9-2018  13:57:40,1190.33,1194.64,1191.87,1190.32 x 800,1190.71 x 800,1414690
7,28-9-2018  13:57:56,1190.53,1194.64,1191.87,1190.310 x 800,1190.740 x 800,1414690
8,28-9-2018  13:58:13,1190.505,1194.64,1191.87,1190.310 x 800,1190.740 x 800,1414690
9,28-9-2018  13:58:29,1190.505,1194.64,1191.87,1190.310 x 800,1190.740 x 800,1414690
10,28-9-2018  13:58:45,1190.505,1194.64,1191.87,1190.300 x 800,1190.570 x 800,1414690
11,28-9-2018  13:59:2,1190.45,1194.64,1191.87,1190.31 x 800,1190.74 x 800,1414690
12,28-9-2018  13:59:18,1190.68,1194.64,1191.87,1190.32 x 800,1190.57 x 800,1414690
13,28-9-2018  13:59:35,1190.23,1194.64,1191.87,1190.32 x 800,1190.73 x 800,1414690
14,28-9-2018  13:59:51,1190.23,1194.64,1191.87,1190.32 x 800,1190.73 x 800,1414690
15,28-9-2018  14:0:7,1190.23,1194.64,1191.87,1190.32 x 800,1190.86 x 800,1414690
16,28-9-2018  14:0:24,1190.23,1194.64,1191.87,1190.32 x 800,1190.86 x 800,1414690
17,28-9-2018  14:0:40,1190.23,1194.64,1191.87,1190.3300 x 800,1190.8600 x 800,1414690
18,28-9-2018  14:0:57,1190.23,1194.64,1191.87,1190.33 x 800,1190.86 x 800,1414690
19,28-9-2018  14:1:13,1190.23,1194.64,1191.87,1190.33 x 800,1190.86 x 800,1414690
20,28-9-2018  14:1:29,1190.23,1194.64,1191.87,1190.37 x 800,1190.85 x 800,1414690
21,28-9-2018  14:1:46,1188.972,1194.64,1191.87,1190.370 x 800,1190.650 x 800,1414690
22,28-9-2018  14:2:2,1188.972,1194.64,1191.87,1190.370 x 800,1190.650 x 800,1414690
23,28-9-2018  14:2:18,1188.97,1194.64,1191.87,1190.30 x 800,1190.65 x 800,1414690
24,28-9-2018  14:2:35,1188.97,1194.64,1191.87,1190.30 x 800,1190.65 x 800,1414690
25,28-9-2018  14:2:51,1188.97,1194.64,1191.87,1190.30 x 800,1190.65 x 800,1414690
26,28-9-2018  14:3:8,1188.97,1194.64,1191.87,1190.30 x 800,1190.65 x 800,1414690
27,28-9-2018  14:3:24,1188.97,1194.64,1191.87,1189.88 x 800,1190.51 x 800,1414690
28,28-9-2018  14:3:40,1189.59,1194.64,1191.87,1189.88 x 800,1190.51 x 800,1414690
29,28-9-2018  14:3:57,1189.53,1194.64,1191.87,1189.88 x 800,1190.51 x 800,1414690
30,28-9-2018  14:4:13,1189.15,1194.64,1191.87,1190.21 x 800,1190.79 x 800,1414690
31,28-9-2018  14:4:29,1189.15,1194.64,1191.87,1190.21 x 800,1190.79 x 800,1414690
32,28-9-2018  14:4:46,1189.15,1194.64,1191.87,1190.21 x 800,1190.79 x 800,1414690
33,28-9-2018  14:5:2,1189.15,1194.64,1191.87,1190.2100 x 800,1190.7900 x 800,1414690
34,28-9-2018  14:5:19,1189.15,1194.64,1191.87,1190.460 x 800,1190.840 x 800,1414690
35,28-9-2018  14:5:36,1189.15,1194.64,1191.87,1190.46 x 800,1190.84 x 800,1414690
36,28-9-2018  14:5:52,1189.15,1194.64,1191.87,1190.88 x 800,1191.36 x 800,1414690
37,28-9-2018  14:6:8,1189.15,1194.64,1191.87,1190.88 x 800,1191.36 x 800,1414690
38,28-9-2018  14:6:25,1189.15,1194.64,1191.87,1190.88 x 800,1191.36 x 800,1414690
39,28-9-2018  14:6:41,1189.15,1194.64,1191.87,1190.88 x 800,1191.36 x 800,1414690
40,28-9-2018  14:6:57,1189.16,1194.64,1191.87,1191.09 x 800,1191.53 x 800,1414690
41,28-9-2018  14:7:22,1188.86,1194.64,1191.87,1191.09 x 800,1191.53 x 800,1414690
42,28-9-2018  14:7:38,1189.13,1194.64,1191.87,1191.09 x 800,1191.53 x 800,1414690
43,28-9-2018  14:7:55,1189.13,1194.64,1191.87,1191.09 x 800,1191.66 x 800,1414690
44,28-9-2018  14:8:11,1189.13,1194.64,1191.87,1191.09 x 800,1192.00 x 800,1414690
45,28-9-2018  14:8:27,1189.13,1194.64,1191.87,1191.09 x 800,1192.00 x 800,1414690
46,28-9-2018  14:8:43,1189.14,1194.64,1191.87,1191.09 x 800,1192.00 x 800,1414690
47,28-9-2018  14:9:0,1189.34,1194.64,1191.87,1191.090 x 800,1192.000 x 800,1414690
48,28-9-2018  14:9:16,1189.34,1194.64,1191.87,1191.09 x 800,1192.00 x 800,1414690
49,28-9-2018  14:9:32,1189.34,1194.64,1191.87,1191.17 x 800,1191.62 x 800,1414690
50,28-9-2018  14:9:48,1189.34,1194.64,1191.87,1191.17 x 800,1191.62 x 800,1414690
51,28-9-2018  14:10:5,1189.34,1194.64,1191.87,1191.17 x 800,1191.65 x 800,1414690
52,28-9-2018  14:10:21,1189.34,1194.64,1191.87,1191.17 x 800,1191.65 x 800,1414690
53,28-9-2018  14:10:38,1189.34,1194.64,1191.87,1191.17 x 800,1191.65 x 800,1414690
54,28-9-2018  14:10:54,1189.43,1194.64,1191.87,1191.17 x 800,1191.65 x 800,1414690
55,28-9-2018  14:11:11,1189.25,1194.64,1191.87,1191.17 x 800,1191.65 x 800,1414690
56,28-9-2018  14:11:27,1189.25,1194.64,1191.87,1190.53 x 800,1191.13 x 800,1414690
57,28-9-2018  14:11:43,1189.055,1194.64,1191.87,1190.530 x 800,1191.130 x 800,1414690
58,28-9-2018  14:11:59,1189.055,1194.64,1191.87,1190.530 x 800,1191.130 x 800,1414690
59,28-9-2018  14:12:15,1189.21,1194.64,1191.87,1190.53 x 800,1191.13 x 800,1414690
60,28-9-2018  14:12:31,1189.96,1194.64,1191.87,1190.52 x 800,1190.76 x 800,1414690
61,28-9-2018  14:12:48,1189.34,1194.64,1191.87,1190.52 x 800,1190.76 x 800,1414690
62,28-9-2018  14:13:4,1189.89,1194.64,1191.87,1190.52 x 800,1190.76 x 800,1414690
63,28-9-2018  14:13:20,1189.44,1194.64,1191.87,1190.52 x 800,1190.76 x 800,1414690
64,28-9-2018  14:13:36,1189.44,1194.64,1191.87,1190.52 x 800,1190.76 x 800,1414690
65,28-9-2018  14:13:52,1189.59,1194.64,1191.87,1190.21 x 800,1190.66 x 800,1414690
66,28-9-2018  14:14:8,1189.59,1194.64,1191.87,1190.21 x 800,1190.67 x 800,1414690
67,28-9-2018  14:14:24,1189.78,1194.64,1191.87,1190.21 x 800,1190.67 x 800,1414690
68,28-9-2018  14:14:41,1189.78,1194.64,1191.87,1190.21 x 800,1190.67 x 800,1414690
69,28-9-2018  14:14:58,1189.78,1194.64,1191.87,1190.02 x 800,1190.67 x 800,1414690
70,28-9-2018  14:15:14,1189.78,1194.64,1191.87,1190.02 x 800,1190.67 x 800,1414690
71,28-9-2018  14:15:30,1189.78,1194.64,1191.87,1190.02 x 800,1190.67 x 800,1414690
72,28-9-2018  14:15:46,1189.78,1194.64,1191.87,1190.15 x 800,1190.59 x 800,1414690
73,28-9-2018  14:16:2,1189.78,1194.64,1191.87,1190.15 x 800,1190.59 x 800,1414690
74,28-9-2018  14:16:19,1189.425,1194.64,1191.87,1190.150 x 800,1190.590 x 800,1414690
75,28-9-2018  14:16:35,1189.44,1194.64,1191.87,1189.92 x 800,1190.59 x 800,1414690
76,28-9-2018  14:16:51,1189.44,1194.64,1191.87,1189.92 x 800,1190.59 x 800,1414690
77,28-9-2018  14:17:8,1189.44,1194.64,1191.87,1189.92 x 800,1190.59 x 800,1414690
78,28-9-2018  14:17:24,1189.44,1194.64,1191.87,1189.12 x 800,1190.23 x 800,1414690
79,28-9-2018  14:17:40,1190.11,1194.64,1191.87,1189.12 x 800,1190.23 x 800,1414690
80,28-9-2018  14:17:56,1190.475,1194.64,1191.87,1189.120 x 800,1190.230 x 800,1414690
81,28-9-2018  14:18:12,1190.475,1194.64,1191.87,1189.120 x 800,1190.230 x 800,1414690
82,28-9-2018  14:18:28,1190.475,1194.64,1191.87,1189.00 x 800,1189.52 x 800,1414690
83,28-9-2018  14:18:44,1190.33,1194.64,1191.87,1189.00 x 800,1189.46 x 800,1414690
84,28-9-2018  14:19:0,1190.425,1194.64,1191.87,1189.000 x 800,1189.460 x 800,1414690
85,28-9-2018  14:19:16,1190.43,1194.64,1191.87,1189.15 x 800,1189.88 x 800,1414690
86,28-9-2018  14:19:33,1190.53,1194.64,1191.87,1189.15 x 800,1189.88 x 800,1414690
87,28-9-2018  14:19:49,1190.515,1194.64,1191.87,1189.150 x 800,1189.880 x 800,1414690
88,28-9-2018  14:20:5,1190.47,1194.64,1191.87,1189.0400 x 800,1189.5000 x 800,1414690
89,28-9-2018  14:20:21,1190.47,1194.64,1191.87,1189.0400 x 800,1189.5000 x 800,1414690
90,28-9-2018  14:20:37,1190.365,1194.64,1191.87,1188.770 x 800,1189.500 x 800,1414690
91,28-9-2018  14:20:54,1190.365,1194.64,1191.87,1188.770 x 800,1189.500 x 800,1414690
92,28-9-2018  14:21:10,1190.365,1194.64,1191.87,1188.770 x 800,1189.500 x 800,1414690
93,28-9-2018  14:21:26,1190.36,1194.64,1191.87,1189.14 x 800,1189.64 x 800,1414690
94,28-9-2018  14:21:42,1190.8,1194.64,1191.87,1189.14 x 800,1189.64 x 800,1414690
95,28-9-2018  14:21:58,1190.52,1194.64,1191.87,1189.21 x 800,1189.64 x 800,1414690
96,28-9-2018  14:22:14,1190.53,1194.64,1191.87,1189.21 x 800,1189.64 x 800,1414690
97,28-9-2018  14:22:30,1190.64,1194.64,1191.87,1189.21 x 800,1189.68 x 800,1414690
98,28-9-2018  14:22:46,1190.64,1194.64,1191.87,1189.21 x 800,1189.68 x 800,1414690
99,28-9-2018  14:23:2,1191.22,1194.64,1191.87,1189.21 x 800,1189.68 x 800,1414690
100,28-9-2018  14:23:18,1191.22,1194.64,1191.87,1188.30 x 800,1189.31 x 800,1414690
101,28-9-2018  14:23:34,1191.22,1194.64,1191.87,1188.30 x 800,1189.31 x 800,1414690
102,28-9-2018  14:23:51,1191.0,1194.64,1191.87,1188.71 x 800,1189.31 x 800,1414690
103,28-9-2018  14:24:7,1191.1,1194.64,1191.87,1188.71 x 800,1189.31 x 800,1414690
104,28-9-2018  14:24:23,1191.1,1194.64,1191.87,1188.71 x 800,1189.31 x 800,1414690
105,28-9-2018  14:24:39,1191.475,1194.64,1191.87,1189.300 x 800,1189.650 x 800,1414690
106,28-9-2018  14:24:55,1191.745,1194.64,1191.87,1189.300 x 800,1189.650 x 800,1414690
107,28-9-2018  14:25:12,1191.44,1194.64,1191.87,1189.30 x 800,1189.31 x 800,1414690
108,28-9-2018  14:25:28,1191.44,1194.64,1191.87,1188.73 x 800,1189.31 x 800,1414690
109,28-9-2018  14:25:43,1191.575,1194.64,1191.87,1188.730 x 800,1189.310 x 800,1414690
110,28-9-2018  14:26:0,1191.95,1194.64,1191.87,1188.73 x 800,1189.31 x 800,1414690
111,28-9-2018  14:26:16,1191.95,1194.64,1191.87,1189.05 x 800,1189.63 x 800,1414690
112,28-9-2018  14:26:32,1192.18,1194.64,1191.87,1189.05 x 800,1189.63 x 800,1414690
113,28-9-2018  14:26:48,1192.18,1194.64,1191.87,1189.05 x 800,1189.63 x 800,1414690
114,28-9-2018  14:27:5,1191.91,1194.64,1191.87,1188.63 x 800,1189.60 x 800,1414690
115,28-9-2018  14:27:21,1191.91,1194.64,1191.87,1188.63 x 800,1189.60 x 800,1414690
116,28-9-2018  14:27:37,1192.06,1194.64,1191.87,1189.04 x 800,1189.25 x 800,1414690
117,28-9-2018  14:27:53,1192.06,1194.64,1191.87,1189.04 x 800,1189.25 x 800,1414690
118,28-9-2018  14:28:9,1192.13,1194.64,1191.87,1189.04 x 800,1189.25 x 800,1414690
119,28-9-2018  14:28:25,1192.13,1194.64,1191.87,1189.45 x 800,1190.21 x 800,1414690
120,28-9-2018  14:28:42,1192.13,1194.64,1191.87,1189.45 x 800,1190.21 x 800,1414690
121,28-9-2018  14:28:58,1192.13,1194.64,1191.87,1189.45 x 800,1190.21 x 800,1414690
122,28-9-2018  14:29:14,1192.01,1194.64,1191.87,1189.45 x 800,1190.21 x 800,1414690
123,28-9-2018  14:29:30,1192.22,1194.64,1191.87,1189.07 x 800,1189.75 x 800,1414690
124,28-9-2018  14:29:47,1192.22,1194.64,1191.87,1189.07 x 800,1189.75 x 800,1414690
125,28-9-2018  14:30:3,1192.22,1194.64,1191.87,1189.07 x 800,1189.75 x 800,1414690
126,28-9-2018  14:30:19,1192.48,1194.64,1191.87,1189.07 x 800,1189.78 x 800,1414690
127,28-9-2018  14:30:35,1191.85,1194.64,1191.87,1189.12 x 800,1189.72 x 800,1414690
128,28-9-2018  14:30:51,1191.72,1194.64,1191.87,1189.12 x 800,1189.72 x 800,1414690
129,28-9-2018  14:31:8,1192.05,1194.64,1191.87,1189.16 x 800,1189.72 x 800,1414690
130,28-9-2018  14:31:24,1192.05,1194.64,1191.87,1189.16 x 800,1189.72 x 800,1414690
131,28-9-2018  14:31:40,1192.05,1194.64,1191.87,1189.16 x 800,1189.72 x 800,1414690
132,28-9-2018  14:31:56,1192.05,1194.64,1191.87,1189.29 x 800,1189.75 x 800,1414690
133,28-9-2018  14:32:12,1192.155,1194.64,1191.87,1189.290 x 800,1189.750 x 800,1414690
134,28-9-2018  14:32:28,1192.16,1194.64,1191.87,1189.29 x 800,1189.95 x 800,1414690
135,28-9-2018  14:32:45,1192.155,1194.64,1191.87,1189.320 x 800,1189.950 x 800,1414690
136,28-9-2018  14:33:2,1192.155,1194.64,1191.87,1189.320 x 800,1189.950 x 800,1414690
137,28-9-2018  14:33:18,1192.155,1194.64,1191.87,1189.320 x 800,1189.950 x 800,1414690
138,28-9-2018  14:33:34,1192.155,1194.64,1191.87,1190.000 x 800,1190.560 x 800,1414690
139,28-9-2018  14:33:50,1191.52,1194.64,1191.87,1190.00 x 800,1190.56 x 800,1414690
140,28-9-2018  14:34:6,1191.81,1194.64,1191.87,1190.00 x 800,1190.56 x 800,1414690
141,28-9-2018  14:34:23,1191.81,1194.64,1191.87,1190.070 x 800,1190.610 x 800,1414690
142,28-9-2018  14:34:39,1191.81,1194.64,1191.87,1190.070 x 800,1190.610 x 800,1414690
143,28-9-2018  14:34:55,1191.77,1194.64,1191.87,1190.07 x 800,1190.61 x 800,1414690
144,28-9-2018  14:35:11,1191.77,1194.64,1191.87,1190.27 x 800,1190.79 x 800,1414690
145,28-9-2018  14:35:28,1191.77,1194.64,1191.87,1190.27 x 800,1190.61 x 800,1414690
146,28-9-2018  14:35:45,1191.77,1194.64,1191.87,1190.27 x 800,1190.61 x 800,1414690
147,28-9-2018  14:36:1,1191.77,1194.64,1191.87,1190.27 x 800,1190.61 x 800,1414690
148,28-9-2018  14:36:17,1191.7712,1194.64,1191.87,1190.2700 x 800,1190.6100 x 800,1414690
149,28-9-2018  14:36:33,1191.77,1194.64,1191.87,1190.08 x 800,1190.66 x 800,1414690
150,28-9-2018  14:36:49,1191.77,1194.64,1191.87,1190.08 x 800,1190.66 x 800,1414690
151,28-9-2018  14:37:5,1192.0,1194.64,1191.87,1190.08 x 800,1191.04 x 800,1414690
152,28-9-2018  14:37:22,1192.35,1194.64,1191.87,1190.08 x 800,1190.66 x 800,1414690
153,28-9-2018  14:37:38,1192.35,1194.64,1191.87,1190.54 x 800,1191.04 x 800,1414690
154,28-9-2018  14:37:54,1192.41,1194.64,1191.87,1190.54 x 800,1190.89 x 800,1414690
155,28-9-2018  14:38:10,1192.405,1194.64,1191.87,1190.540 x 800,1190.890 x 800,1414690
156,28-9-2018  14:38:27,1192.405,1194.64,1191.87,1190.540 x 800,1190.890 x 800,1414690
157,28-9-2018  14:38:43,1192.68,1194.64,1191.87,1190.60 x 800,1191.49 x 800,1414690
158,28-9-2018  14:38:59,1192.68,1194.64,1191.87,1190.64 x 800,1191.49 x 800,1414690
159,28-9-2018  14:39:15,1192.8,1194.64,1191.87,1190.64 x 800,1191.49 x 800,1414690
160,28-9-2018  14:39:31,1192.8,1194.64,1191.87,1190.64 x 800,1191.49 x 800,1414690
161,28-9-2018  14:39:48,1192.84,1194.64,1191.87,1190.71 x 800,1191.54 x 800,1414690
162,28-9-2018  14:40:4,1192.84,1194.64,1191.87,1190.71 x 800,1191.54 x 800,1414690
163,28-9-2018  14:40:20,1192.41,1194.64,1191.87,1190.71 x 800,1191.86 x 800,1414690
164,28-9-2018  14:40:36,1192.41,1194.64,1191.87,1191.33 x 800,1191.86 x 800,1414690
165,28-9-2018  14:40:53,1192.91,1194.64,1191.87,1191.33 x 800,1191.86 x 800,1414690
166,28-9-2018  14:41:9,1192.88,1194.64,1191.87,1191.33 x 800,1191.86 x 800,1414690
167,28-9-2018  14:41:25,1192.99,1194.64,1191.87,1191.720 x 800,1192.190 x 800,1414690
168,28-9-2018  14:41:41,1192.99,1194.64,1191.87,1191.72 x 800,1192.19 x 800,1414690
169,28-9-2018  14:41:58,1192.66,1194.64,1191.87,1191.72 x 800,1192.19 x 800,1414690
170,28-9-2018  14:42:14,1192.61,1194.64,1191.87,1191.72 x 800,1192.19 x 800,1414690
171,28-9-2018  14:42:30,1192.61,1194.64,1191.87,1191.7200 x 800,1192.1899 x 800,1414690
172,28-9-2018  14:42:46,1192.61,1194.64,1191.87,1191.80 x 800,1192.16 x 800,1414690
173,28-9-2018  14:43:2,1192.9799,1194.64,1191.87,1191.8000 x 800,1192.1600 x 800,1414690
174,28-9-2018  14:43:18,1192.98,1194.64,1191.87,1191.80 x 800,1192.31 x 800,1414690
175,28-9-2018  14:43:35,1192.98,1194.64,1191.87,1191.80 x 800,1192.31 x 800,1414690
176,28-9-2018  14:43:51,1192.98,1194.64,1191.87,1191.80 x 800,1192.16 x 800,1414690
177,28-9-2018  14:44:7,1192.98,1194.64,1191.87,1191.83 x 800,1192.31 x 800,1414690
178,28-9-2018  14:44:23,1192.84,1194.64,1191.87,1191.83 x 800,1192.31 x 800,1414690
179,28-9-2018  14:44:39,1192.689,1194.64,1191.87,1191.840 x 800,1192.280 x 800,1414690
180,28-9-2018  14:44:56,1192.83,1194.64,1191.87,1191.84 x 800,1192.28 x 800,1414690
181,28-9-2018  14:45:12,1192.68,1194.64,1191.87,1191.96 x 800,1192.39 x 800,1414690
182,28-9-2018  14:45:28,1192.41,1194.64,1191.87,1191.96 x 800,1192.39 x 800,1414690
183,28-9-2018  14:45:44,1192.41,1194.64,1191.87,1191.96 x 800,1192.06 x 800,1414690
184,28-9-2018  14:46:1,1192.72,1194.64,1191.87,1191.71 x 800,1192.06 x 800,1414690
185,28-9-2018  14:46:17,1193.04,1194.64,1191.87,1191.71 x 800,1192.06 x 800,1414690
186,28-9-2018  14:46:33,1192.82,1194.64,1191.87,1191.71 x 800,1192.06 x 800,1414690
187,28-9-2018  14:46:49,1192.82,1194.64,1191.87,1191.71 x 800,1192.16 x 800,1414690
188,28-9-2018  14:47:5,1191.9,1194.64,1191.87,1191.75 x 800,1192.16 x 800,1414690
189,28-9-2018  14:47:21,1191.755,1194.64,1191.87,1191.750 x 800,1192.160 x 800,1414690
190,28-9-2018  14:47:37,1191.59,1194.64,1191.87,1191.99 x 800,1192.52 x 800,1414690
191,28-9-2018  14:47:53,1191.59,1194.64,1191.87,1191.99 x 800,1192.52 x 800,1414690
192,28-9-2018  14:48:10,1191.295,1194.64,1191.87,1191.990 x 800,1192.520 x 800,1414690
193,28-9-2018  14:48:26,1191.295,1194.64,1191.87,1191.990 x 800,1192.520 x 800,1414690
194,28-9-2018  14:48:42,1191.3,1194.64,1191.87,1191.96 x 800,1192.25 x 800,1414690
195,28-9-2018  14:48:58,1191.3,1194.64,1191.87,1191.96 x 800,1192.25 x 800,1414690
196,28-9-2018  14:49:14,1191.3,1194.64,1191.87,1191.56 x 800,1191.92 x 800,1414690
197,28-9-2018  14:49:31,1191.72,1194.64,1191.87,1191.56 x 800,1191.92 x 800,1414690
198,28-9-2018  14:49:47,1191.77,1194.64,1191.87,1191.56 x 800,1191.92 x 800,1414690
199,28-9-2018  14:50:3,1191.77,1194.64,1191.87,1191.56 x 800,1191.92 x 800,1414690
200,28-9-2018  14:50:20,1191.77,1194.64,1191.87,1191.57 x 800,1192.20 x 800,1414690
201,28-9-2018  14:50:36,1191.77,1194.64,1191.87,1191.57 x 800,1192.20 x 800,1414690
202,28-9-2018  14:50:52,1191.77,1194.64,1191.87,1191.57 x 800,1192.39 x 800,1414690
203,28-9-2018  14:51:8,1191.77,1194.64,1191.87,1191.57 x 800,1192.39 x 800,1414690
204,28-9-2018  14:51:25,1191.77,1194.64,1191.87,1191.57 x 800,1192.39 x 800,1414690
205,28-9-2018  14:51:41,1191.77,1194.64,1191.87,1191.5900 x 800,1192.1200 x 800,1414690
206,28-9-2018  14:51:57,1191.77,1194.64,1191.87,1191.59 x 800,1192.12 x 800,1414690
207,28-9-2018  14:52:13,1191.77,1194.64,1191.87,1192.02 x 800,1192.31 x 800,1414690
208,28-9-2018  14:52:29,1191.77,1194.64,1191.87,1192.02 x 800,1192.31 x 800,1414690
209,28-9-2018  14:52:46,1192.55,1194.64,1191.87,1192.02 x 800,1192.31 x 800,1414690
210,28-9-2018  14:53:2,1192.5331,1194.64,1191.87,1192.0200 x 800,1192.3101 x 800,1414690
211,28-9-2018  14:53:18,1192.53,1194.64,1191.87,1192.02 x 800,1192.31 x 800,1414690
212,28-9-2018  14:53:35,1192.533,1194.64,1191.87,1192.220 x 800,1192.560 x 800,1414690
213,28-9-2018  14:53:51,1192.53,1194.64,1191.87,1192.42 x 800,1192.56 x 800,1414690
214,28-9-2018  14:54:7,1192.07,1194.64,1191.87,1192.42 x 800,1192.56 x 800,1414690
215,28-9-2018  14:54:24,1192.07,1194.64,1191.87,1192.42 x 800,1192.56 x 800,1414690
216,28-9-2018  14:54:40,1192.465,1194.64,1191.87,1192.680 x 800,1192.850 x 800,1414690
217,28-9-2018  14:54:56,1192.53,1194.64,1191.87,1192.68 x 800,1193.13 x 800,1414690
218,28-9-2018  14:55:13,1192.71,1194.64,1191.87,1192.68 x 800,1193.13 x 800,1414690
219,28-9-2018  14:55:29,1192.74,1194.64,1191.87,1192.13 x 800,1193.13 x 800,1414690
220,28-9-2018  14:55:45,1192.782,1194.64,1191.87,1192.130 x 800,1193.130 x 800,1414690
221,28-9-2018  14:56:1,1192.6,1194.64,1191.87,1192.13 x 800,1193.21 x 800,1414690
222,28-9-2018  14:56:17,1192.6,1194.64,1191.87,1192.13 x 800,1193.21 x 800,1414690
223,28-9-2018  14:56:33,1192.6,1194.64,1191.87,1192.55 x 800,1193.18 x 800,1414690
224,28-9-2018  14:56:49,1192.6,1194.64,1191.87,1192.55 x 800,1193.18 x 800,1414690
225,28-9-2018  14:57:6,1191.99,1194.64,1191.87,1192.66 x 800,1193.18 x 800,1414690
226,28-9-2018  14:57:22,1191.57,1194.64,1191.87,1192.66 x 800,1193.18 x 800,1414690
227,28-9-2018  14:57:39,1191.57,1194.64,1191.87,1192.66 x 800,1193.18 x 800,1414690
228,28-9-2018  14:57:55,1191.51,1194.64,1191.87,1192.32 x 800,1192.99 x 800,1414690
229,28-9-2018  14:58:11,1191.51,1194.64,1191.87,1192.320 x 800,1192.990 x 800,1414690
230,28-9-2018  14:58:28,1191.51,1194.64,1191.87,1192.320 x 800,1192.990 x 800,1414690
231,28-9-2018  14:58:44,1191.62,1194.64,1191.87,1192.6000 x 800,1193.0200 x 800,1414690
232,28-9-2018  14:59:1,1191.74,1194.64,1191.87,1192.60 x 800,1193.02 x 800,1414690
233,28-9-2018  14:59:18,1191.74,1194.64,1191.87,1192.60 x 800,1193.02 x 800,1414690
234,28-9-2018  14:59:34,1191.91,1194.64,1191.87,1192.60 x 800,1193.27 x 800,1414690
235,28-9-2018  14:59:50,1191.91,1194.64,1191.87,1192.67 x 800,1193.08 x 800,1414690
236,28-9-2018  15:0:7,1191.83,1194.64,1191.87,1192.67 x 800,1193.08 x 800,1414690
237,28-9-2018  15:0:23,1191.83,1194.64,1191.87,1192.270 x 800,1192.770 x 800,1414690
238,28-9-2018  15:0:39,1191.83,1194.64,1191.87,1192.270 x 800,1192.770 x 800,1414690
239,28-9-2018  15:0:56,1191.8,1194.64,1191.87,1192.27 x 800,1192.77 x 800,1414690
240,28-9-2018  15:1:13,1191.8,1194.64,1191.87,1192.27 x 800,1192.77 x 800,1414690
241,28-9-2018  15:1:30,1192.25,1194.64,1191.87,1192.27 x 800,1192.77 x 800,1414690
242,28-9-2018  15:1:46,1192.25,1194.64,1191.87,1192.35 x 800,1192.93 x 800,1414690
243,28-9-2018  15:2:2,1192.25,1194.64,1191.87,1191.81 x 800,1192.42 x 800,1414690
244,28-9-2018  15:2:18,1192.25,1194.64,1191.87,1191.81 x 800,1192.42 x 800,1414690
245,28-9-2018  15:2:34,1192.25,1194.64,1191.87,1191.810 x 800,1192.420 x 800,1414690
246,28-9-2018  15:2:51,1192.25,1194.64,1191.87,1191.81 x 800,1191.84 x 800,1414690
247,28-9-2018  15:3:7,1192.25,1194.64,1191.87,1190.91 x 800,1191.84 x 800,1414690
248,28-9-2018  15:3:23,1192.25,1194.64,1191.87,1190.910 x 800,1191.840 x 800,1414690
249,28-9-2018  15:3:39,1192.25,1194.64,1191.87,1190.910 x 800,1191.840 x 800,1414690
250,28-9-2018  15:3:56,1192.25,1194.64,1191.87,1190.91 x 800,1191.84 x 800,1414690
251,28-9-2018  15:4:20,1191.43,1194.64,1191.87,1191.07 x 800,1191.50 x 800,1414690
252,28-9-2018  15:4:36,1191.53,1194.64,1191.87,1191.08 x 800,1191.50 x 800,1414690
253,28-9-2018  15:4:53,1191.58,1194.64,1191.87,1191.07 x 800,1191.41 x 800,1414690
254,28-9-2018  15:5:9,1191.58,1194.64,1191.87,1191.07 x 800,1191.41 x 800,1414690
255,28-9-2018  15:5:25,1192.07,1194.64,1191.87,1191.07 x 800,1191.41 x 800,1414690
256,28-9-2018  15:5:42,1192.07,1194.64,1191.87,1191.33 x 800,1191.79 x 800,1414690
257,28-9-2018  15:5:58,1192.07,1194.64,1191.87,1191.33 x 800,1191.79 x 800,1414690
258,28-9-2018  15:6:15,1192.15,1194.64,1191.87,1191.33 x 800,1191.82 x 800,1414690
259,28-9-2018  15:6:31,1192.41,1194.64,1191.87,1191.33 x 800,1191.82 x 800,1414690
260,28-9-2018  15:6:47,1192.01,1194.64,1191.87,1191.33 x 800,1191.82 x 800,1414690
261,28-9-2018  15:7:3,1192.01,1194.64,1191.87,1191.42 x 800,1191.82 x 800,1414690
262,28-9-2018  15:7:27,1192.01,1194.64,1191.87,1191.42 x 800,1192.30 x 800,1414690
263,28-9-2018  15:7:43,1192.15,1194.64,1191.87,1191.97 x 800,1192.62 x 800,1414690
264,28-9-2018  15:8:8,1192.15,1194.64,1191.87,1192.24 x 800,1192.62 x 800,1414690
265,28-9-2018  15:8:24,1192.83,1194.64,1191.87,1192.24 x 800,1192.62 x 800,1414690
266,28-9-2018  15:8:40,1192.77,1194.64,1191.87,1192.24 x 800,1192.62 x 800,1414690
267,28-9-2018  15:8:56,1192.7,1194.64,1191.87,1192.190 x 800,1192.470 x 800,1414690
268,28-9-2018  15:9:12,1192.73,1194.64,1191.87,1192.19 x 800,1192.47 x 800,1414690
269,28-9-2018  15:9:29,1192.29,1194.64,1191.87,1192.19 x 800,1192.47 x 800,1414690
270,28-9-2018  15:9:45,1192.29,1194.64,1191.87,1192.19 x 800,1192.57 x 800,1414690
271,28-9-2018  15:10:2,1192.29,1194.64,1191.87,1192.32 x 800,1192.57 x 800,1414690
272,28-9-2018  15:10:18,1192.91,1194.64,1191.87,1192.32 x 800,1192.57 x 800,1414690
273,28-9-2018  15:10:34,1192.91,1194.64,1191.87,1192.32 x 800,1192.73 x 800,1414690
274,28-9-2018  15:10:50,1192.91,1194.64,1191.87,1192.32 x 800,1192.73 x 800,1414690
275,28-9-2018  15:11:7,1192.63,1194.64,1191.87,1192.42 x 800,1192.89 x 800,1414690
276,28-9-2018  15:11:23,1192.63,1194.64,1191.87,1192.42 x 800,1192.89 x 800,1414690
277,28-9-2018  15:11:39,1192.865,1194.64,1191.87,1192.410 x 800,1192.790 x 800,1414690
278,28-9-2018  15:11:56,1192.86,1194.64,1191.87,1192.41 x 800,1192.79 x 800,1414690
279,28-9-2018  15:12:12,1192.59,1194.64,1191.87,1192.41 x 800,1192.79 x 800,1414690
280,28-9-2018  15:12:28,1192.69,1194.64,1191.87,1191.85 x 800,1192.79 x 800,1414690
281,28-9-2018  15:12:45,1192.55,1194.64,1191.87,1191.85 x 800,1192.09 x 800,1414690
282,28-9-2018  15:13:1,1192.55,1194.64,1191.87,1191.85 x 800,1192.09 x 800,1414690
283,28-9-2018  15:13:17,1192.55,1194.64,1191.87,1191.51 x 800,1192.06 x 800,1414690
284,28-9-2018  15:13:34,1192.55,1194.64,1191.87,1191.51 x 800,1192.06 x 800,1414690
285,28-9-2018  15:13:50,1192.75,1194.64,1191.87,1191.51 x 800,1192.06 x 800,1414690
286,28-9-2018  15:14:6,1192.75,1194.64,1191.87,1191.51 x 800,1192.06 x 800,1414690
287,28-9-2018  15:14:22,1192.75,1194.64,1191.87,1191.210 x 800,1192.110 x 800,1414690
288,28-9-2018  15:14:39,1192.75,1194.64,1191.87,1191.47 x 800,1192.11 x 800,1414690
289,28-9-2018  15:14:55,1192.49,1194.64,1191.87,1191.47 x 800,1192.11 x 800,1414690
290,28-9-2018  15:15:11,1192.49,1194.64,1191.87,1191.47 x 800,1192.37 x 800,1414690
291,28-9-2018  15:15:27,1192.64,1194.64,1191.87,1191.47 x 800,1192.37 x 800,1414690
292,28-9-2018  15:15:43,1192.74,1194.64,1191.87,1191.48 x 800,1192.44 x 800,1414690
293,28-9-2018  15:15:59,1192.66,1194.64,1191.87,1191.48 x 800,1192.44 x 800,1414690
294,28-9-2018  15:16:15,1192.97,1194.64,1191.87,1191.69 x 800,1192.24 x 800,1414690
295,28-9-2018  15:16:32,1192.845,1194.64,1191.87,1191.690 x 800,1192.240 x 800,1414690
296,28-9-2018  15:16:48,1192.845,1194.64,1191.87,1191.690 x 800,1192.240 x 800,1414690
297,28-9-2018  15:17:5,1192.84,1194.64,1191.87,1191.69 x 800,1192.24 x 800,1414690
298,28-9-2018  15:17:21,1192.65,1194.64,1191.87,1191.69 x 800,1192.24 x 800,1414690
299,28-9-2018  15:17:38,1192.65,1194.64,1191.87,1192.31 x 800,1192.73 x 800,1414690
300,28-9-2018  15:17:54,1192.65,1194.64,1191.87,1192.31 x 800,1192.73 x 800,1414690
301,28-9-2018  15:18:11,1192.65,1194.64,1191.87,1192.31 x 800,1192.73 x 800,1414690
302,28-9-2018  15:18:27,1192.65,1194.64,1191.87,1192.31 x 800,1192.73 x 800,1414690
303,28-9-2018  15:18:43,1192.67,1194.64,1191.87,1191.670 x 800,1192.910 x 800,1414690
304,28-9-2018  15:18:59,1192.67,1194.64,1191.87,1192.25 x 800,1192.91 x 800,1414690
305,28-9-2018  15:19:15,1193.08,1194.64,1191.87,1191.67 x 800,1192.12 x 800,1414690
306,28-9-2018  15:19:31,1193.08,1194.64,1191.87,1191.67 x 800,1192.12 x 800,1414690
307,28-9-2018  15:19:48,1192.91,1194.64,1191.87,1191.17 x 800,1191.58 x 800,1414690
308,28-9-2018  15:20:4,1192.91,1194.64,1191.87,1191.170 x 800,1191.580 x 800,1414690
309,28-9-2018  15:20:20,1192.975,1194.64,1191.87,1191.170 x 800,1191.580 x 800,1414690
310,28-9-2018  15:20:36,1193.04,1194.64,1191.87,1191.71 x 800,1192.09 x 800,1414690
311,28-9-2018  15:20:52,1192.96,1194.64,1191.87,1191.71 x 800,1192.09 x 800,1414690
312,28-9-2018  15:21:9,1192.96,1194.64,1191.87,1192.06 x 800,1192.40 x 800,1414690
313,28-9-2018  15:21:25,1193.28,1194.64,1191.87,1192.06 x 800,1192.40 x 800,1414690
314,28-9-2018  15:21:41,1193.28,1194.64,1191.87,1192.06 x 800,1192.40 x 800,1414690
315,28-9-2018  15:21:58,1193.48,1194.64,1191.87,1192.06 x 800,1192.40 x 800,1414690
316,28-9-2018  15:22:14,1193.62,1194.64,1191.87,1192.06 x 800,1192.40 x 800,1414690
317,28-9-2018  15:22:30,1193.53,1194.64,1191.87,1192.06 x 800,1192.40 x 800,1414690
318,28-9-2018  15:22:47,1194.2,1194.64,1191.87,1191.73 x 800,1192.37 x 800,1414690
319,28-9-2018  15:23:3,1193.87,1194.64,1191.87,1191.73 x 800,1192.37 x 800,1414690
320,28-9-2018  15:23:19,1194.1,1194.64,1191.87,1191.84 x 800,1192.39 x 800,1414690
321,28-9-2018  15:23:35,1194.06,1194.64,1191.87,1191.84 x 800,1192.39 x 800,1414690
322,28-9-2018  15:23:51,1194.06,1194.64,1191.87,1192.41 x 800,1192.39 x 800,1414690
323,28-9-2018  15:24:8,1193.585,1194.64,1191.87,1192.410 x 800,1193.050 x 800,1414690
324,28-9-2018  15:24:24,1193.23,1194.64,1191.87,1192.41 x 800,1193.05 x 800,1414690
325,28-9-2018  15:24:41,1193.23,1194.64,1191.87,1192.41 x 800,1192.69 x 800,1414690
326,28-9-2018  15:24:57,1193.23,1194.64,1191.87,1192.41 x 800,1192.69 x 800,1414690
327,28-9-2018  15:25:13,1193.53,1194.64,1191.87,1192.62 x 800,1192.69 x 800,1414690
328,28-9-2018  15:25:30,1193.53,1194.64,1191.87,1192.62 x 800,1192.69 x 800,1414690
329,28-9-2018  15:25:46,1193.53,1194.64,1191.87,1192.51 x 800,1193.20 x 800,1414690
330,28-9-2018  15:26:2,1193.53,1194.64,1191.87,1192.51 x 800,1193.20 x 800,1414690
331,28-9-2018  15:26:18,1193.53,1194.64,1191.87,1192.51 x 800,1193.20 x 800,1414690
332,28-9-2018  15:26:34,1193.53,1194.64,1191.87,1192.49 x 800,1192.87 x 800,1414690
333,28-9-2018  15:26:50,1194.23,1194.64,1191.87,1192.490 x 800,1192.870 x 800,1414690
334,28-9-2018  15:27:6,1194.26,1194.64,1191.87,1192.49 x 800,1192.92 x 800,1414690
335,28-9-2018  15:27:22,1194.21,1194.64,1191.87,1192.49 x 800,1192.92 x 800,1414690
336,28-9-2018  15:27:39,1193.99,1194.64,1191.87,1192.11 x 800,1192.92 x 800,1414690
337,28-9-2018  15:27:55,1193.93,1194.64,1191.87,1192.11 x 800,1192.92 x 800,1414690
338,28-9-2018  15:28:11,1194.08,1194.64,1191.87,1192.11 x 800,1192.92 x 800,1414690
339,28-9-2018  15:28:27,1193.9,1194.64,1191.87,1192.11 x 800,1192.92 x 800,1414690
340,28-9-2018  15:28:44,1193.9,1194.64,1191.87,1191.94 x 800,1192.84 x 800,1414690
341,28-9-2018  15:29:0,1193.9,1194.64,1191.87,1191.94 x 800,1192.92 x 800,1414690
342,28-9-2018  15:29:16,1193.63,1194.64,1191.87,1192.52 x 800,1192.92 x 800,1414690
343,28-9-2018  15:29:33,1193.63,1194.64,1191.87,1192.52 x 800,1192.92 x 800,1414690
344,28-9-2018  15:29:49,1193.11,1194.64,1191.87,1191.94 x 800,1192.92 x 800,1414690
345,28-9-2018  15:30:5,1193.11,1194.64,1191.87,1192.10 x 800,1192.73 x 800,1414690
346,28-9-2018  15:30:21,1193.21,1194.64,1191.87,1192.10 x 800,1192.73 x 800,1414690
347,28-9-2018  15:30:38,1192.69,1194.64,1191.87,1192.55 x 800,1192.98 x 800,1414690
348,28-9-2018  15:30:54,1192.61,1194.64,1191.87,1192.55 x 800,1192.98 x 800,1414690
349,28-9-2018  15:31:11,1192.36,1194.64,1191.87,1192.55 x 800,1192.98 x 800,1414690
350,28-9-2018  15:31:27,1192.07,1194.64,1191.87,1192.55 x 800,1192.98 x 800,1414690
351,28-9-2018  15:31:43,1192.07,1194.64,1191.87,1192.68 x 800,1193.07 x 800,1414690
352,28-9-2018  15:31:59,1192.0,1194.64,1191.87,1192.68 x 800,1193.07 x 800,1414690
353,28-9-2018  15:32:15,1192.0,1194.64,1191.87,1192.68 x 800,1193.07 x 800,1414690
354,28-9-2018  15:32:32,1191.96,1194.64,1191.87,1192.19 x 800,1193.04 x 800,1414690
355,28-9-2018  15:32:48,1192.02,1194.64,1191.87,1192.19 x 800,1193.04 x 800,1414690
356,28-9-2018  15:33:4,1192.55,1194.64,1191.87,1192.19 x 800,1193.04 x 800,1414690
357,28-9-2018  15:33:20,1192.82,1194.64,1191.87,1192.19 x 800,1193.04 x 800,1414690
358,28-9-2018  15:33:36,1192.66,1194.64,1191.87,1192.19 x 800,1193.04 x 800,1414690
359,28-9-2018  15:33:52,1192.83,1194.64,1191.87,1192.19 x 800,1192.95 x 800,1414690
360,28-9-2018  15:34:9,1192.59,1194.64,1191.87,1192.42 x 800,1192.95 x 800,1414690
361,28-9-2018  15:34:25,1192.43,1194.64,1191.87,1192.42 x 800,1192.95 x 800,1414690
362,28-9-2018  15:34:42,1192.84,1194.64,1191.87,1192.52 x 800,1192.95 x 800,1414690
363,28-9-2018  15:34:58,1192.55,1194.64,1191.87,1192.52 x 800,1192.95 x 800,1414690
364,28-9-2018  15:35:15,1192.68,1194.64,1191.87,1192.52 x 800,1193.16 x 800,1414690
365,28-9-2018  15:35:31,1192.49,1194.64,1191.87,1192.52 x 800,1193.16 x 800,1414690
366,28-9-2018  15:35:47,1192.46,1194.64,1191.87,1192.690 x 800,1192.940 x 800,1414690
367,28-9-2018  15:36:3,1192.43,1194.64,1191.87,1192.69 x 800,1192.94 x 800,1414690
368,28-9-2018  15:36:20,1192.57,1194.64,1191.87,1193.00 x 800,1192.94 x 800,1414690
369,28-9-2018  15:36:36,1192.69,1194.64,1191.87,1193.00 x 800,1193.50 x 800,1414690
370,28-9-2018  15:36:52,1192.78,1194.64,1191.87,1193.230 x 800,1193.500 x 800,1414690
371,28-9-2018  15:37:8,1192.61,1194.64,1191.87,1193.23 x 800,1193.50 x 800,1414690
372,28-9-2018  15:37:24,1192.565,1194.64,1191.87,1193.230 x 800,1193.810 x 800,1414690
373,28-9-2018  15:37:40,1192.29,1194.64,1191.87,1193.23 x 800,1193.81 x 800,1414690
374,28-9-2018  15:37:57,1192.29,1194.64,1191.87,1193.50 x 800,1194.00 x 800,1414690
375,28-9-2018  15:38:13,1192.66,1194.64,1191.87,1193.50 x 800,1194.00 x 800,1414690
376,28-9-2018  15:38:29,1192.58,1194.64,1191.87,1193.50 x 800,1194.00 x 800,1414690
377,28-9-2018  15:38:46,1192.78,1194.64,1191.87,1193.50 x 800,1194.00 x 800,1414690
378,28-9-2018  15:39:2,1192.69,1194.64,1191.87,1193.930 x 800,1194.230 x 800,1414690
379,28-9-2018  15:39:18,1192.425,1194.64,1191.87,1193.930 x 800,1194.230 x 800,1414690
380,28-9-2018  15:39:34,1192.43,1194.64,1191.87,1193.93 x 800,1194.23 x 800,1414690
381,28-9-2018  15:39:51,1192.99,1194.64,1191.87,1192.82 x 800,1194.23 x 800,1414690
382,28-9-2018  15:40:7,1193.41,1194.64,1191.87,1192.82 x 800,1194.23 x 800,1414690
383,28-9-2018  15:40:23,1193.1,1194.64,1191.87,1192.82 x 800,1194.23 x 800,1414690
384,28-9-2018  15:40:39,1193.1,1194.64,1191.87,1192.82 x 800,1194.23 x 800,1414690
385,28-9-2018  15:41:3,1193.09,1194.64,1191.87,1193.18 x 800,1193.75 x 800,1414690
386,28-9-2018  15:41:20,1193.09,1194.64,1191.87,1193.25 x 800,1193.75 x 800,1414690
387,28-9-2018  15:41:36,1193.18,1194.64,1191.87,1193.18 x 800,1193.75 x 800,1414690
388,28-9-2018  15:41:52,1193.21,1194.64,1191.87,1194.04 x 800,1194.41 x 800,1414690
389,28-9-2018  15:42:9,1193.2,1194.64,1191.87,1194.04 x 800,1194.41 x 800,1414690
390,28-9-2018  15:42:25,1193.34,1194.64,1191.87,1194.04 x 800,1194.41 x 800,1414690
391,28-9-2018  15:42:41,1193.43,1194.64,1191.87,1194.04 x 800,1194.41 x 800,1414690
392,28-9-2018  15:42:57,1193.13,1194.64,1191.87,1193.48 x 800,1194.24 x 800,1414690
393,28-9-2018  15:43:13,1192.77,1194.64,1191.87,1193.48 x 800,1194.24 x 800,1414690
394,28-9-2018  15:43:29,1192.48,1194.64,1191.87,1193.48 x 800,1194.24 x 800,1414690
395,28-9-2018  15:43:46,1192.63,1194.64,1191.87,1193.48 x 800,1194.24 x 800,1414690
396,28-9-2018  15:44:2,1192.54,1194.64,1191.87,1193.79 x 800,1194.31 x 800,1414690
397,28-9-2018  15:44:18,1192.39,1194.64,1191.87,1193.57 x 800,1193.93 x 800,1414690
398,28-9-2018  15:44:34,1193.18,1194.64,1191.87,1193.57 x 800,1193.93 x 800,1414690
399,28-9-2018  15:44:51,1192.715,1194.64,1191.87,1193.570 x 800,1193.930 x 800,1414690
400,28-9-2018  15:45:7,1193.06,1194.64,1191.87,1192.74 x 800,1193.03 x 800,1414690
401,28-9-2018  15:45:23,1192.935,1194.64,1191.87,1192.74 x 800,1193.03 x 800,1414690
402,28-9-2018  15:45:40,1193.11,1194.64,1191.87,1192.740 x 800,1192.970 x 800,1414690
403,28-9-2018  15:45:56,1192.94,1194.64,1191.87,1192.43 x 800,1192.97 x 800,1414690
404,28-9-2018  15:46:12,1192.77,1194.64,1191.87,1192.43 x 800,1192.97 x 800,1414690
405,28-9-2018  15:46:28,1193.36,1194.64,1191.87,1192.43 x 800,1192.97 x 800,1414690
406,28-9-2018  15:46:44,1192.98,1194.64,1191.87,1191.90 x 800,1192.28 x 800,1414690
407,28-9-2018  15:47:0,1192.78,1194.64,1191.87,1191.900 x 800,1192.280 x 800,1414690
408,28-9-2018  15:47:17,1192.69,1194.64,1191.87,1191.68 x 800,1192.30 x 800,1414690
409,28-9-2018  15:47:33,1192.75,1194.64,1191.87,1191.68 x 800,1192.30 x 800,1414690
410,28-9-2018  15:47:49,1192.71,1194.64,1191.87,1191.68 x 800,1192.30 x 800,1414690
411,28-9-2018  15:48:6,1192.65,1194.64,1191.87,1191.68 x 800,1192.55 x 800,1414690
412,28-9-2018  15:48:22,1192.94,1194.64,1191.87,1192.26 x 800,1192.55 x 800,1414690
413,28-9-2018  15:48:38,1192.2,1194.64,1191.87,1192.26 x 800,1192.55 x 800,1414690
414,28-9-2018  15:48:54,1192.12,1194.64,1191.87,1192.26 x 800,1192.55 x 800,1414690
415,28-9-2018  15:49:11,1192.39,1194.64,1191.87,1192.26 x 800,1192.55 x 800,1414690
416,28-9-2018  15:49:27,1190.81,1194.64,1191.87,1192.60 x 800,1193.16 x 800,1414690
417,28-9-2018  15:49:43,1190.81,1194.64,1191.87,1192.60 x 800,1192.61 x 800,1414690
418,28-9-2018  15:50:0,1191.4075,1194.64,1191.87,1192.5200 x 800,1192.6100 x 800,1414690
419,28-9-2018  15:50:16,1191.375,1194.64,1191.87,1192.520 x 800,1192.610 x 800,1414690
420,28-9-2018  15:50:33,1191.72,1194.64,1191.87,1192.52 x 800,1192.61 x 800,1414690
421,28-9-2018  15:50:49,1191.64,1194.64,1191.87,1192.52 x 800,1192.61 x 800,1414690
422,28-9-2018  15:51:5,1191.715,1194.64,1191.87,1192.450 x 800,1192.700 x 800,1414690
423,28-9-2018  15:51:21,1191.76,1194.64,1191.87,1192.45 x 800,1192.70 x 800,1414690
424,28-9-2018  15:51:38,1191.89,1194.64,1191.87,1192.28 x 800,1192.70 x 800,1414690
425,28-9-2018  15:51:54,1191.52,1194.64,1191.87,1192.28 x 800,1192.70 x 800,1414690
426,28-9-2018  15:52:10,1191.44,1194.64,1191.87,1192.28 x 800,1192.86 x 800,1414690
427,28-9-2018  15:52:27,1191.31,1194.64,1191.87,1192.28 x 800,1192.86 x 800,1414690
428,28-9-2018  15:52:43,1191.2524,1194.64,1191.87,1192.2900 x 800,1192.8600 x 800,1414690
429,28-9-2018  15:52:59,1190.99,1194.64,1191.87,1192.29 x 800,1192.86 x 800,1414690
430,28-9-2018  15:53:16,1191.06,1194.64,1191.87,1192.190 x 800,1192.800 x 800,1414690
431,28-9-2018  15:53:32,1191.0,1194.64,1191.87,1192.19 x 800,1192.80 x 800,1414690
432,28-9-2018  15:53:49,1191.46,1194.64,1191.87,1192.19 x 800,1192.80 x 800,1414690
433,28-9-2018  15:54:5,1191.66,1194.64,1191.87,1192.49 x 800,1192.78 x 800,1414690
434,28-9-2018  15:54:21,1191.74,1194.64,1191.87,1192.49 x 800,1192.78 x 800,1414690
435,28-9-2018  15:54:38,1192.08,1194.64,1191.87,1192.61 x 800,1192.69 x 800,1414690
436,28-9-2018  15:54:54,1192.52,1194.64,1191.87,1192.61 x 800,1192.69 x 800,1414690
437,28-9-2018  15:55:11,1192.65,1194.64,1191.87,1192.61 x 800,1192.69 x 800,1414690
438,28-9-2018  15:55:27,1192.89,1194.64,1191.87,1192.61 x 800,1193.50 x 800,1414690
439,28-9-2018  15:55:43,1192.91,1194.64,1191.87,1192.90 x 800,1193.50 x 800,1414690
440,28-9-2018  15:55:59,1193.06,1194.64,1191.87,1192.90 x 800,1193.30 x 800,1414690
441,28-9-2018  15:56:16,1193.005,1194.64,1191.87,1192.900 x 800,1193.300 x 800,1414690
442,28-9-2018  15:56:31,1193.07,1194.64,1191.87,1192.89 x 800,1193.30 x 800,1414690
443,28-9-2018  15:56:48,1192.93,1194.64,1191.87,1192.89 x 800,1193.30 x 800,1414690
444,28-9-2018  15:57:4,1193.36,1194.64,1191.87,1192.89 x 800,1193.19 x 800,1414690
445,28-9-2018  15:57:21,1193.5,1194.64,1191.87,1193.03 x 800,1193.19 x 800,1414690
446,28-9-2018  15:57:37,1192.991,1194.64,1191.87,1193.030 x 800,1193.560 x 800,1414690
447,28-9-2018  15:57:53,1193.5,1194.64,1191.87,1193.03 x 800,1193.56 x 800,1414690
448,28-9-2018  15:58:9,1194.03,1194.64,1191.87,1193.03 x 800,1193.56 x 800,1414690
449,28-9-2018  15:58:25,1193.86,1194.64,1191.87,1193.03 x 800,1193.56 x 800,1414690
450,28-9-2018  15:58:42,1193.95,1194.64,1191.87,1193.02 x 800,1192.98 x 800,1414690
451,28-9-2018  15:58:58,1194.4448,1194.64,1191.87,1193.0200 x 800,1192.9800 x 800,1414690
452,28-9-2018  15:59:14,1193.47,1194.64,1191.87,1192.38 x 800,1192.80 x 800,1414690
453,28-9-2018  15:59:31,1193.47,1194.64,1191.87,1192.25 x 800,1192.80 x 800,1414690
454,28-9-2018  15:59:47,1193.47,1194.64,1191.87,1192.38 x 800,1192.80 x 800,1414690
455,28-9-2018  16:0:3,1193.47,1194.64,1191.87,1192.25 x 800,1193.41 x 800,1414690
456,28-9-2018  16:0:20,1193.47,1194.64,1191.87,1192.250 x 800,1193.410 x 800,1414690
