,time,Main Price,Prev Close,Open,Bid,Ask,Volume
1,28-9-2018  13:56:14,27.09,27.75,27.75,27.20 x 1100,27.23 x 800,17541618
2,28-9-2018  13:56:31,27.09,27.75,27.75,27.2200 x 1800,27.2300 x 800,17541618
3,28-9-2018  13:56:47,27.07,27.75,27.75,27.22 x 1800,27.23 x 800,17541618
4,28-9-2018  13:57:4,27.08,27.75,27.75,27.220 x 1800,27.230 x 800,17541618
5,28-9-2018  13:57:20,27.07,27.75,27.75,27.22 x 1800,27.23 x 800,17541618
6,28-9-2018  13:57:37,27.05,27.75,27.75,27.22 x 1800,27.23 x 800,17541618
7,28-9-2018  13:57:53,27.05,27.75,27.75,27.21 x 1800,27.22 x 800,17541618
8,28-9-2018  13:58:10,27.0677,27.75,27.75,27.2100 x 1800,27.2200 x 800,17541618
9,28-9-2018  13:58:26,27.05,27.75,27.75,27.21 x 1800,27.22 x 800,17541618
10,28-9-2018  13:58:42,27.0632,27.75,27.75,27.2100 x 1800,27.2200 x 800,17541618
11,28-9-2018  13:58:59,27.06,27.75,27.75,27.1900 x 1800,27.2000 x 900,17541618
12,28-9-2018  13:59:15,27.08,27.75,27.75,27.19 x 1800,27.20 x 900,17541618
13,28-9-2018  13:59:32,27.08,27.75,27.75,27.19 x 1800,27.20 x 900,17541618
14,28-9-2018  13:59:48,27.08,27.75,27.75,27.190 x 1800,27.200 x 2200,17541618
15,28-9-2018  14:0:5,27.0639,27.75,27.75,27.1900 x 1800,27.2000 x 2200,17541618
16,28-9-2018  14:0:21,27.05,27.75,27.75,27.19 x 1800,27.20 x 2200,17541618
17,28-9-2018  14:0:37,27.0715,27.75,27.75,27.1900 x 1800,27.2000 x 1200,17541618
18,28-9-2018  14:0:54,27.06,27.75,27.75,27.1800 x 3000,27.1900 x 900,17541618
19,28-9-2018  14:1:10,27.0704,27.75,27.75,27.1800 x 3000,27.1900 x 900,17541618
20,28-9-2018  14:1:26,27.04,27.75,27.75,27.18 x 3000,27.19 x 900,17541618
21,28-9-2018  14:1:42,27.04,27.75,27.75,27.1500 x 3000,27.1600 x 800,17541618
22,28-9-2018  14:1:59,27.0,27.75,27.75,27.1500 x 3000,27.1600 x 800,17541618
23,28-9-2018  14:2:15,27.02,27.75,27.75,27.15 x 3000,27.16 x 800,17541618
24,28-9-2018  14:2:32,27.04,27.75,27.75,27.15 x 3000,27.17 x 800,17541618
25,28-9-2018  14:2:48,27.025,27.75,27.75,27.150 x 3000,27.170 x 800,17541618
26,28-9-2018  14:3:5,27.02,27.75,27.75,27.15 x 3000,27.17 x 800,17541618
27,28-9-2018  14:3:21,27.01,27.75,27.75,27.1500 x 3000,27.1800 x 800,17541618
28,28-9-2018  14:3:37,27.01,27.75,27.75,27.15 x 3000,27.18 x 800,17541618
29,28-9-2018  14:3:54,27.03,27.75,27.75,27.1500 x 3000,27.1800 x 800,17541618
30,28-9-2018  14:4:10,27.0118,27.75,27.75,27.16 x 3000,27.17 x 800,17541618
31,28-9-2018  14:4:26,27.02,27.75,27.75,27.16 x 3000,27.17 x 800,17541618
32,28-9-2018  14:4:43,27.0199,27.75,27.75,27.1600 x 3000,27.1700 x 800,17541618
33,28-9-2018  14:4:59,27.02,27.75,27.75,27.16 x 3000,27.17 x 800,17541618
34,28-9-2018  14:5:16,27.019,27.75,27.75,27.160 x 3000,27.170 x 800,17541618
35,28-9-2018  14:5:33,27.02,27.75,27.75,27.16 x 3000,27.17 x 800,17541618
36,28-9-2018  14:5:49,27.02,27.75,27.75,27.16 x 3000,27.17 x 800,17541618
37,28-9-2018  14:6:6,27.02,27.75,27.75,27.16 x 3000,27.17 x 800,17541618
38,28-9-2018  14:6:22,27.01,27.75,27.75,27.21 x 3000,27.23 x 800,17541618
39,28-9-2018  14:6:38,27.01,27.75,27.75,27.21 x 3000,27.23 x 800,17541618
40,28-9-2018  14:6:54,27.02,27.75,27.75,27.21 x 3000,27.23 x 800,17541618
41,28-9-2018  14:7:19,27.02,27.75,27.75,27.21 x 3000,27.23 x 800,17541618
42,28-9-2018  14:7:35,27.02,27.75,27.75,27.200 x 3000,27.210 x 800,17541618
43,28-9-2018  14:7:52,27.0102,27.75,27.75,27.2000 x 3000,27.2100 x 800,17541618
44,28-9-2018  14:8:8,27.01,27.75,27.75,27.20 x 3000,27.21 x 800,17541618
45,28-9-2018  14:8:24,27.014,27.75,27.75,27.200 x 3000,27.210 x 800,17541618
46,28-9-2018  14:8:40,27.02,27.75,27.75,27.18 x 3000,27.19 x 800,17541618
47,28-9-2018  14:8:57,27.0285,27.75,27.75,27.1800 x 3000,27.1900 x 800,17541618
48,28-9-2018  14:9:13,27.07,27.75,27.75,27.18 x 3000,27.19 x 800,17541618
49,28-9-2018  14:9:29,27.0665,27.75,27.75,27.1800 x 3000,27.1900 x 800,17541618
50,28-9-2018  14:9:46,27.03,27.75,27.75,27.18 x 3000,27.19 x 800,17541618
51,28-9-2018  14:10:2,27.043,27.75,27.75,27.170 x 3000,27.140 x 800,17541618
52,28-9-2018  14:10:18,27.0581,27.75,27.75,27.1700 x 3000,27.1400 x 800,17541618
53,28-9-2018  14:10:35,27.08,27.75,27.75,27.13 x 3000,27.14 x 800,17541618
54,28-9-2018  14:10:51,27.07,27.75,27.75,27.13 x 3000,27.14 x 800,17541618
55,28-9-2018  14:11:8,27.06,27.75,27.75,27.09 x 800,27.13 x 800,17541618
56,28-9-2018  14:11:24,27.03,27.75,27.75,27.0900 x 800,27.1300 x 800,17541618
57,28-9-2018  14:11:40,27.03,27.75,27.75,27.09 x 800,27.10 x 800,17541618
58,28-9-2018  14:11:57,27.0271,27.75,27.75,27.0700 x 1400,27.1000 x 800,17541618
59,28-9-2018  14:12:13,27.01,27.75,27.75,27.07 x 1400,27.10 x 800,17541618
60,28-9-2018  14:12:29,27.01,27.75,27.75,27.07 x 1400,27.10 x 800,17541618
61,28-9-2018  14:12:45,27.02,27.75,27.75,27.07 x 1400,27.07 x 800,17541618
62,28-9-2018  14:13:1,27.0299,27.75,27.75,27.0700 x 1400,27.0700 x 800,17541618
63,28-9-2018  14:13:17,27.02,27.75,27.75,27.07 x 800,27.07 x 800,17541618
64,28-9-2018  14:13:33,27.02,27.75,27.75,27.07 x 900,27.07 x 800,17541618
65,28-9-2018  14:13:50,27.01,27.75,27.75,27.0700 x 900,27.0700 x 800,17541618
66,28-9-2018  14:14:6,27.0,27.75,27.75,27.07 x 900,27.07 x 3100,17541618
67,28-9-2018  14:14:22,27.0175,27.75,27.75,27.0700 x 900,27.0700 x 3100,17541618
68,28-9-2018  14:14:38,27.02,27.75,27.75,27.07 x 900,27.07 x 3100,17541618
69,28-9-2018  14:14:55,27.01,27.75,27.75,27.07 x 900,27.07 x 3100,17541618
70,28-9-2018  14:15:11,27.01,27.75,27.75,27.05 x 900,27.08 x 3100,17541618
71,28-9-2018  14:15:27,27.01,27.75,27.75,27.05 x 900,27.08 x 3100,17541618
72,28-9-2018  14:15:43,27.01,27.75,27.75,27.05 x 900,27.08 x 3100,17541618
73,28-9-2018  14:15:59,27.01,27.75,27.75,27.03 x 1400,27.08 x 3100,17541618
74,28-9-2018  14:16:16,27.01,27.75,27.75,27.03 x 1400,27.08 x 3100,17541618
75,28-9-2018  14:16:32,27.04,27.75,27.75,27.03 x 1400,27.08 x 3100,17541618
76,28-9-2018  14:16:48,27.04,27.75,27.75,27.02 x 1200,27.04 x 3100,17541618
77,28-9-2018  14:17:5,27.0265,27.75,27.75,27.0200 x 1200,27.0400 x 3100,17541618
78,28-9-2018  14:17:21,27.0265,27.75,27.75,27.0200 x 1200,27.0400 x 3100,17541618
79,28-9-2018  14:17:37,27.0464,27.75,27.75,27.0300 x 1200,27.0400 x 2200,17541618
80,28-9-2018  14:17:53,27.0433,27.75,27.75,27.0300 x 1200,27.0400 x 2200,17541618
81,28-9-2018  14:18:9,27.045,27.75,27.75,27.030 x 1200,27.040 x 2200,17541618
82,28-9-2018  14:18:25,27.045,27.75,27.75,27.030 x 1200,27.040 x 2200,17541618
83,28-9-2018  14:18:42,27.03,27.75,27.75,27.00 x 1200,27.02 x 2200,17541618
84,28-9-2018  14:18:58,27.09,27.75,27.75,27.00 x 1200,27.02 x 2200,17541618
85,28-9-2018  14:19:14,27.085,27.75,27.75,27.000 x 1200,27.020 x 2200,17541618
86,28-9-2018  14:19:30,27.12,27.75,27.75,27.01 x 1200,27.02 x 800,17541618
87,28-9-2018  14:19:46,27.12,27.75,27.75,27.01 x 1200,27.02 x 800,17541618
88,28-9-2018  14:20:2,27.13,27.75,27.75,27.01 x 1200,27.02 x 800,17541618
89,28-9-2018  14:20:19,27.085,27.75,27.75,27.02 x 1200,27.03 x 800,17541618
90,28-9-2018  14:20:35,27.085,27.75,27.75,27.020 x 1200,27.030 x 800,17541618
91,28-9-2018  14:20:51,27.08,27.75,27.75,27.02 x 1200,27.03 x 800,17541618
92,28-9-2018  14:21:7,27.085,27.75,27.75,27.02 x 1200,27.02 x 1400,17541618
93,28-9-2018  14:21:24,27.09,27.75,27.75,27.02 x 1200,27.02 x 1400,17541618
94,28-9-2018  14:21:40,27.09,27.75,27.75,27.02 x 1200,27.02 x 3200,17541618
95,28-9-2018  14:21:55,27.11,27.75,27.75,27.00 x 1200,27.01 x 3200,17541618
96,28-9-2018  14:22:12,27.11,27.75,27.75,27.0000 x 1200,27.0100 x 3200,17541618
97,28-9-2018  14:22:28,27.1,27.75,27.75,27.00 x 1200,27.01 x 3200,17541618
98,28-9-2018  14:22:44,27.1,27.75,27.75,27.000 x 800,27.020 x 1800,17541618
99,28-9-2018  14:23:0,27.1,27.75,27.75,27.01 x 800,27.02 x 1800,17541618
100,28-9-2018  14:23:16,27.1,27.75,27.75,27.0100 x 800,27.0200 x 1800,17541618
101,28-9-2018  14:23:31,27.09,27.75,27.75,27.01 x 800,27.02 x 1800,17541618
102,28-9-2018  14:23:48,27.07,27.75,27.75,27.02 x 2900,27.03 x 800,17541618
103,28-9-2018  14:24:4,27.08,27.75,27.75,27.0200 x 2900,27.0300 x 800,17541618
104,28-9-2018  14:24:20,27.08,27.75,27.75,27.02 x 2900,27.03 x 800,17541618
105,28-9-2018  14:24:36,27.1,27.75,27.75,27.02 x 2900,27.03 x 800,17541618
106,28-9-2018  14:24:52,27.11,27.75,27.75,27.05 x 2900,27.06 x 3000,17541618
107,28-9-2018  14:25:9,27.09,27.75,27.75,27.05 x 2900,27.06 x 3000,17541618
108,28-9-2018  14:25:25,27.08,27.75,27.75,27.06 x 900,27.07 x 3000,17541618
109,28-9-2018  14:25:41,27.08,27.75,27.75,27.06 x 900,27.07 x 3000,17541618
110,28-9-2018  14:25:57,27.07,27.75,27.75,27.06 x 900,27.07 x 3000,17541618
111,28-9-2018  14:26:13,27.07,27.75,27.75,27.0400 x 900,27.0600 x 3000,17541618
112,28-9-2018  14:26:29,27.1,27.75,27.75,27.04 x 900,27.06 x 3000,17541618
113,28-9-2018  14:26:46,27.0999,27.75,27.75,27.04 x 900,27.06 x 3000,17541618
114,28-9-2018  14:27:2,27.11,27.75,27.75,27.04 x 900,27.06 x 800,17541618
115,28-9-2018  14:27:18,27.1,27.75,27.75,27.01 x 900,27.02 x 800,17541618
116,28-9-2018  14:27:34,27.1057,27.75,27.75,27.0100 x 900,27.0200 x 800,17541618
117,28-9-2018  14:27:51,27.1057,27.75,27.75,27.0100 x 900,27.0200 x 800,17541618
118,28-9-2018  14:28:7,27.11,27.75,27.75,27.02 x 1400,27.03 x 1000,17541618
119,28-9-2018  14:28:23,27.1057,27.75,27.75,27.0200 x 1400,27.0300 x 1000,17541618
120,28-9-2018  14:28:39,27.09,27.75,27.75,27.02 x 1400,27.03 x 1000,17541618
121,28-9-2018  14:28:55,27.08,27.75,27.75,27.02 x 1400,27.03 x 1000,17541618
122,28-9-2018  14:29:12,27.06,27.75,27.75,27.00 x 1000,27.01 x 2900,17541618
123,28-9-2018  14:29:28,27.03,27.75,27.75,27.00 x 1000,27.01 x 2900,17541618
124,28-9-2018  14:29:44,27.03,27.75,27.75,27.00 x 1000,27.01 x 2900,17541618
125,28-9-2018  14:30:0,27.0196,27.75,27.75,27.0100 x 1000,27.0100 x 2900,17541618
126,28-9-2018  14:30:16,27.01,27.75,27.75,27.01 x 1000,27.01 x 2900,17541618
127,28-9-2018  14:30:32,27.01,27.75,27.75,27.01 x 1000,27.01 x 2900,17541618
128,28-9-2018  14:30:49,27.04,27.75,27.75,27.01 x 1000,27.01 x 2900,17541618
129,28-9-2018  14:31:5,27.04,27.75,27.75,27.00 x 1000,27.01 x 2900,17541618
130,28-9-2018  14:31:21,27.04,27.75,27.75,27.0000 x 1000,27.0100 x 2900,17541618
131,28-9-2018  14:31:37,27.03,27.75,27.75,27.00 x 1000,27.01 x 2900,17541618
132,28-9-2018  14:31:53,27.04,27.75,27.75,27.02 x 1000,27.04 x 2900,17541618
133,28-9-2018  14:32:9,27.04,27.75,27.75,27.02 x 1000,27.04 x 2900,17541618
134,28-9-2018  14:32:26,27.04,27.75,27.75,27.02 x 1000,27.04 x 2900,17541618
135,28-9-2018  14:32:42,27.03,27.75,27.75,27.02 x 1000,27.04 x 2900,17541618
136,28-9-2018  14:32:59,27.04,27.75,27.75,27.02 x 1000,27.04 x 2900,17541618
137,28-9-2018  14:33:15,27.04,27.75,27.75,27.02 x 1000,27.04 x 2900,17541618
138,28-9-2018  14:33:31,27.03,27.75,27.75,27.03 x 1000,27.04 x 1800,17541618
139,28-9-2018  14:33:47,27.03,27.75,27.75,27.03 x 1000,27.04 x 1800,17541618
140,28-9-2018  14:34:3,27.0,27.75,27.75,27.03 x 1000,27.04 x 1800,17541618
141,28-9-2018  14:34:20,27.0,27.75,27.75,27.09 x 800,27.10 x 1800,17541618
142,28-9-2018  14:34:36,27.0,27.75,27.75,27.09 x 800,27.10 x 1800,17541618
143,28-9-2018  14:34:53,27.01,27.75,27.75,27.09 x 800,27.10 x 1800,17541618
144,28-9-2018  14:35:9,27.0,27.75,27.75,27.09 x 800,27.10 x 1800,17541618
145,28-9-2018  14:35:25,27.06,27.75,27.75,27.11 x 800,27.12 x 1000,17541618
146,28-9-2018  14:35:42,27.05,27.75,27.75,27.11 x 800,27.12 x 1000,17541618
147,28-9-2018  14:35:58,27.04,27.75,27.75,27.11 x 800,27.12 x 1000,17541618
148,28-9-2018  14:36:14,27.02,27.75,27.75,27.09 x 1000,27.10 x 1000,17541618
149,28-9-2018  14:36:30,27.01,27.75,27.75,27.09 x 1000,27.10 x 1000,17541618
150,28-9-2018  14:36:46,27.03,27.75,27.75,27.09 x 1000,27.10 x 1000,17541618
151,28-9-2018  14:37:3,27.02,27.75,27.75,27.09 x 1000,27.10 x 1000,17541618
152,28-9-2018  14:37:19,27.02,27.75,27.75,27.09 x 1000,27.10 x 1300,17541618
153,28-9-2018  14:37:35,27.02,27.75,27.75,27.09 x 1000,27.10 x 1000,17541618
154,28-9-2018  14:37:52,27.03,27.75,27.75,27.09 x 1000,27.10 x 1000,17541618
155,28-9-2018  14:38:8,27.01,27.75,27.75,27.09 x 1000,27.10 x 1000,17541618
156,28-9-2018  14:38:24,27.01,27.75,27.75,27.09 x 1000,27.10 x 1000,17541618
157,28-9-2018  14:38:40,27.05,27.75,27.75,27.10 x 1000,27.10 x 900,17541618
158,28-9-2018  14:38:56,27.05,27.75,27.75,27.1000 x 1000,27.1000 x 900,17541618
159,28-9-2018  14:39:13,27.04,27.75,27.75,27.10 x 1000,27.10 x 900,17541618
160,28-9-2018  14:39:29,27.04,27.75,27.75,27.09 x 1200,27.11 x 900,17541618
161,28-9-2018  14:39:45,27.02,27.75,27.75,27.09 x 1200,27.11 x 900,17541618
162,28-9-2018  14:40:1,27.03,27.75,27.75,27.09 x 1200,27.11 x 900,17541618
163,28-9-2018  14:40:17,27.03,27.75,27.75,27.0900 x 1200,27.1100 x 900,17541618
164,28-9-2018  14:40:34,27.035,27.75,27.75,27.090 x 1200,27.110 x 900,17541618
165,28-9-2018  14:40:50,27.04,27.75,27.75,27.09 x 1200,27.11 x 900,17541618
166,28-9-2018  14:41:6,27.035,27.75,27.75,27.070 x 1200,27.080 x 900,17541618
167,28-9-2018  14:41:22,27.0349,27.75,27.75,27.0600 x 1200,27.0700 x 2200,17541618
168,28-9-2018  14:41:39,27.03,27.75,27.75,27.0600 x 1200,27.0700 x 2200,17541618
169,28-9-2018  14:41:55,27.04,27.75,27.75,27.06 x 1200,27.07 x 2200,17541618
170,28-9-2018  14:42:11,27.02,27.75,27.75,27.0900 x 1200,27.0700 x 800,17541618
171,28-9-2018  14:42:28,27.02,27.75,27.75,27.09 x 1200,27.07 x 800,17541618
172,28-9-2018  14:42:44,27.01,27.75,27.75,27.09 x 1200,27.10 x 800,17541618
173,28-9-2018  14:42:59,27.0,27.75,27.75,27.09 x 1200,27.10 x 800,17541618
174,28-9-2018  14:43:16,27.005,27.75,27.75,27.090 x 1200,27.100 x 800,17541618
175,28-9-2018  14:43:32,27.03,27.75,27.75,27.09 x 1200,27.10 x 800,17541618
176,28-9-2018  14:43:48,27.04,27.75,27.75,27.08 x 1200,27.10 x 800,17541618
177,28-9-2018  14:44:4,27.01,27.75,27.75,27.08 x 1200,27.10 x 800,17541618
178,28-9-2018  14:44:21,27.0218,27.75,27.75,27.08 x 1200,27.10 x 800,17541618
179,28-9-2018  14:44:37,27.02,27.75,27.75,27.08 x 900,27.06 x 800,17541618
180,28-9-2018  14:44:53,27.02,27.75,27.75,27.02 x 900,27.06 x 800,17541618
181,28-9-2018  14:45:9,27.01,27.75,27.75,27.02 x 900,27.02 x 800,17541618
182,28-9-2018  14:45:25,27.0181,27.75,27.75,27.0200 x 900,27.0200 x 800,17541618
183,28-9-2018  14:45:42,27.01,27.75,27.75,27.00 x 900,27.02 x 800,17541618
184,28-9-2018  14:45:58,27.01,27.75,27.75,27.00 x 900,27.02 x 2900,17541618
185,28-9-2018  14:46:14,27.01,27.75,27.75,27.00 x 900,27.05 x 2900,17541618
186,28-9-2018  14:46:30,27.016,27.75,27.75,27.000 x 900,27.050 x 2900,17541618
187,28-9-2018  14:46:46,27.01,27.75,27.75,27.03 x 900,27.05 x 2900,17541618
188,28-9-2018  14:47:2,27.0061,27.75,27.75,27.0300 x 900,27.0500 x 2900,17541618
189,28-9-2018  14:47:19,27.0,27.75,27.75,27.03 x 900,27.05 x 2900,17541618
190,28-9-2018  14:47:35,27.01,27.75,27.75,27.04 x 900,27.05 x 2900,17541618
191,28-9-2018  14:47:51,27.01,27.75,27.75,27.04 x 900,27.05 x 2900,17541618
192,28-9-2018  14:48:7,27.0001,27.75,27.75,27.0400 x 900,27.0500 x 2900,17541618
193,28-9-2018  14:48:23,27.0,27.75,27.75,27.04 x 900,27.05 x 2900,17541618
194,28-9-2018  14:48:39,27.0,27.75,27.75,27.04 x 900,27.05 x 2900,17541618
195,28-9-2018  14:48:55,27.01,27.75,27.75,27.04 x 900,27.04 x 2900,17541618
196,28-9-2018  14:49:11,27.0,27.75,27.75,27.04 x 900,27.04 x 2900,17541618
197,28-9-2018  14:49:28,27.0,27.75,27.75,27.01 x 900,27.00 x 2900,17541618
198,28-9-2018  14:49:44,27.0,27.75,27.75,27.01 x 900,27.00 x 2900,17541618
199,28-9-2018  14:50:0,27.0,27.75,27.75,27.0000 x 900,27.0000 x 2900,17541618
200,28-9-2018  14:50:17,27.0,27.75,27.75,27.00 x 900,27.00 x 2900,17541618
201,28-9-2018  14:50:33,27.0,27.75,27.75,27.00 x 900,27.06 x 2900,17541618
202,28-9-2018  14:50:49,27.01,27.75,27.75,27.00 x 900,27.06 x 2900,17541618
203,28-9-2018  14:51:5,27.0,27.75,27.75,27.00 x 900,27.06 x 2900,17541618
204,28-9-2018  14:51:22,27.0,27.75,27.75,27.03 x 900,27.03 x 2900,17541618
205,28-9-2018  14:51:38,27.02,27.75,27.75,27.03 x 900,27.03 x 2900,17541618
206,28-9-2018  14:51:54,27.04,27.75,27.75,27.03 x 2200,27.03 x 2900,17541618
207,28-9-2018  14:52:11,27.04,27.75,27.75,27.0200 x 2200,27.0200 x 2900,17541618
208,28-9-2018  14:52:27,27.02,27.75,27.75,27.02 x 2200,27.02 x 2900,17541618
209,28-9-2018  14:52:43,27.02,27.75,27.75,27.02 x 2200,27.02 x 2900,17541618
210,28-9-2018  14:52:59,27.01,27.75,27.75,27.020 x 2200,27.020 x 2900,17541618
211,28-9-2018  14:53:15,27.01,27.75,27.75,27.02 x 2200,27.02 x 1400,17541618
212,28-9-2018  14:53:32,27.01,27.75,27.75,27.02 x 2900,27.02 x 1400,17541618
213,28-9-2018  14:53:48,27.03,27.75,27.75,27.02 x 2900,27.02 x 1400,17541618
214,28-9-2018  14:54:5,27.01,27.75,27.75,27.02 x 2900,27.02 x 1400,17541618
215,28-9-2018  14:54:21,27.0095,27.75,27.75,27.0200 x 2900,27.0200 x 1400,17541618
216,28-9-2018  14:54:37,27.01,27.75,27.75,27.02 x 2900,27.02 x 1400,17541618
217,28-9-2018  14:54:54,27.0,27.75,27.75,27.02 x 2900,27.02 x 1400,17541618
218,28-9-2018  14:55:10,27.0,27.75,27.75,27.02 x 2900,27.03 x 1400,17541618
219,28-9-2018  14:55:26,27.02,27.75,27.75,27.03 x 2900,27.03 x 1400,17541618
220,28-9-2018  14:55:42,27.0071,27.75,27.75,27.0300 x 2900,27.0300 x 1400,17541618
221,28-9-2018  14:55:58,27.01,27.75,27.75,27.03 x 2900,27.04 x 1400,17541618
222,28-9-2018  14:56:14,27.0159,27.75,27.75,27.0300 x 2900,27.0400 x 1400,17541618
223,28-9-2018  14:56:30,27.02,27.75,27.75,27.0300 x 1100,27.0400 x 1400,17541618
224,28-9-2018  14:56:46,27.0159,27.75,27.75,27.0300 x 1300,27.0400 x 1400,17541618
225,28-9-2018  14:57:3,27.01,27.75,27.75,27.03 x 1300,27.04 x 1400,17541618
226,28-9-2018  14:57:19,27.0,27.75,27.75,27.03 x 1300,27.04 x 1400,17541618
227,28-9-2018  14:57:35,27.0,27.75,27.75,27.010 x 1300,27.020 x 1800,17541618
228,28-9-2018  14:57:52,27.0022,27.75,27.75,27.0100 x 1300,27.0200 x 1800,17541618
229,28-9-2018  14:58:9,27.001,27.75,27.75,27.010 x 1300,27.020 x 1800,17541618
230,28-9-2018  14:58:25,27.0,27.75,27.75,27.01 x 2200,27.02 x 900,17541618
231,28-9-2018  14:58:42,27.0,27.75,27.75,27.01 x 2200,27.02 x 900,17541618
232,28-9-2018  14:58:58,27.02,27.75,27.75,27.01 x 2200,27.02 x 900,17541618
233,28-9-2018  14:59:14,27.05,27.75,27.75,27.01 x 2200,27.02 x 900,17541618
234,28-9-2018  14:59:31,27.06,27.75,27.75,27.0100 x 2200,27.0200 x 900,17541618
235,28-9-2018  14:59:47,27.057,27.75,27.75,27.010 x 2200,27.020 x 900,17541618
236,28-9-2018  15:0:4,27.07,27.75,27.75,27.02 x 2200,27.02 x 1200,17541618
237,28-9-2018  15:0:20,27.06,27.75,27.75,27.02 x 2200,27.02 x 1200,17541618
238,28-9-2018  15:0:37,27.06,27.75,27.75,27.02 x 2200,27.02 x 1200,17541618
239,28-9-2018  15:0:53,27.0402,27.75,27.75,27.0200 x 2200,27.0200 x 1200,17541618
240,28-9-2018  15:1:9,27.035,27.75,27.75,27.000 x 2200,27.020 x 1400,17541618
241,28-9-2018  15:1:27,27.06,27.75,27.75,27.00 x 2200,27.02 x 1800,17541618
242,28-9-2018  15:1:43,27.07,27.75,27.75,27.00 x 2200,27.01 x 1800,17541618
243,28-9-2018  15:1:59,27.055,27.75,27.75,27.000 x 2200,27.010 x 1800,17541618
244,28-9-2018  15:2:15,27.055,27.75,27.75,27.000 x 2200,27.010 x 1800,17541618
245,28-9-2018  15:2:31,27.0462,27.75,27.75,27.0000 x 2200,27.0100 x 1800,17541618
246,28-9-2018  15:2:48,27.0462,27.75,27.75,27.0000 x 2200,27.0100 x 1800,17541618
247,28-9-2018  15:3:4,27.04,27.75,27.75,27.00 x 800,27.01 x 1800,17541618
248,28-9-2018  15:3:21,27.04,27.75,27.75,27.00 x 900,27.01 x 1800,17541618
249,28-9-2018  15:3:37,27.02,27.75,27.75,27.00 x 900,27.01 x 1800,17541618
250,28-9-2018  15:3:53,27.01,27.75,27.75,26.99 x 800,27.00 x 1800,17541618
251,28-9-2018  15:4:17,27.01,27.75,27.75,26.99 x 800,27.00 x 1800,17541618
252,28-9-2018  15:4:33,27.02,27.75,27.75,26.99 x 800,27.00 x 1800,17541618
253,28-9-2018  15:4:49,27.04,27.75,27.75,26.99 x 800,27.00 x 900,17541618
254,28-9-2018  15:5:6,27.041,27.75,27.75,26.990 x 800,27.000 x 900,17541618
255,28-9-2018  15:5:22,27.06,27.75,27.75,26.99 x 800,27.00 x 1000,17541618
256,28-9-2018  15:5:39,27.05,27.75,27.75,26.9900 x 800,27.0000 x 1800,17541618
257,28-9-2018  15:5:56,27.05,27.75,27.75,26.99 x 800,27.00 x 1800,17541618
258,28-9-2018  15:6:12,27.05,27.75,27.75,26.99 x 800,27.00 x 2200,17541618
259,28-9-2018  15:6:28,27.05,27.75,27.75,27.01 x 1800,27.02 x 2200,17541618
260,28-9-2018  15:6:44,27.07,27.75,27.75,27.01 x 1800,27.02 x 2200,17541618
261,28-9-2018  15:7:0,27.08,27.75,27.75,27.01 x 1800,27.02 x 2200,17541618
262,28-9-2018  15:7:16,27.08,27.75,27.75,27.0300 x 1400,27.0400 x 2900,17541618
263,28-9-2018  15:7:40,27.0676,27.75,27.75,27.0300 x 1400,27.0400 x 2900,17541618
264,28-9-2018  15:7:57,27.05,27.75,27.75,27.03 x 1400,27.04 x 2900,17541618
265,28-9-2018  15:8:21,27.0692,27.75,27.75,27.0300 x 1000,27.0400 x 2900,17541618
266,28-9-2018  15:8:37,27.07,27.75,27.75,27.03 x 1000,27.04 x 2200,17541618
267,28-9-2018  15:8:53,27.06,27.75,27.75,27.02 x 2200,27.03 x 1100,17541618
268,28-9-2018  15:9:10,27.07,27.75,27.75,27.02 x 2200,27.03 x 1100,17541618
269,28-9-2018  15:9:26,27.06,27.75,27.75,27.02 x 2200,27.03 x 1100,17541618
270,28-9-2018  15:9:43,27.05,27.75,27.75,27.02 x 2200,27.03 x 1100,17541618
271,28-9-2018  15:9:59,27.06,27.75,27.75,27.02 x 2200,27.03 x 1100,17541618
272,28-9-2018  15:10:15,27.07,27.75,27.75,27.02 x 2200,27.03 x 1100,17541618
273,28-9-2018  15:10:32,27.045,27.75,27.75,27.0100 x 1000,27.0100 x 1100,17541618
274,28-9-2018  15:10:48,27.02,27.75,27.75,27.01 x 1000,27.01 x 1100,17541618
275,28-9-2018  15:11:4,27.01,27.75,27.75,27.01 x 1000,27.01 x 1100,17541618
276,28-9-2018  15:11:20,27.03,27.75,27.75,27.01 x 1000,27.01 x 1100,17541618
277,28-9-2018  15:11:37,27.04,27.75,27.75,27.01 x 1000,27.01 x 3200,17541618
278,28-9-2018  15:11:53,27.02,27.75,27.75,27.01 x 1000,27.02 x 3200,17541618
279,28-9-2018  15:12:9,27.0101,27.75,27.75,27.0100 x 1000,27.0200 x 3200,17541618
280,28-9-2018  15:12:25,27.02,27.75,27.75,27.01 x 1000,27.02 x 3200,17541618
281,28-9-2018  15:12:42,27.02,27.75,27.75,27.01 x 1000,27.02 x 2200,17541618
282,28-9-2018  15:12:59,27.03,27.75,27.75,27.01 x 1000,27.02 x 3200,17541618
283,28-9-2018  15:13:15,27.03,27.75,27.75,26.9900 x 1000,27.0000 x 2200,17541618
284,28-9-2018  15:13:31,27.03,27.75,27.75,26.99 x 1000,27.00 x 2200,17541618
285,28-9-2018  15:13:47,27.02,27.75,27.75,27.00 x 1000,27.00 x 2200,17541618
286,28-9-2018  15:14:3,27.03,27.75,27.75,27.00 x 1000,27.00 x 2200,17541618
287,28-9-2018  15:14:19,27.02,27.75,27.75,27.00 x 1000,27.00 x 2200,17541618
288,28-9-2018  15:14:36,27.03,27.75,27.75,27.00 x 800,27.06 x 800,17541618
289,28-9-2018  15:14:52,27.03,27.75,27.75,27.06 x 1400,27.06 x 800,17541618
290,28-9-2018  15:15:8,27.03,27.75,27.75,27.06 x 1400,27.06 x 1800,17541618
291,28-9-2018  15:15:24,27.02,27.75,27.75,27.06 x 1400,27.06 x 1800,17541618
292,28-9-2018  15:15:41,27.02,27.75,27.75,27.05 x 1400,27.06 x 1800,17541618
293,28-9-2018  15:15:57,27.01,27.75,27.75,27.05 x 1400,27.06 x 1800,17541618
294,28-9-2018  15:16:13,27.02,27.75,27.75,27.05 x 1400,27.04 x 1800,17541618
295,28-9-2018  15:16:29,27.02,27.75,27.75,27.05 x 1400,27.04 x 1800,17541618
296,28-9-2018  15:16:45,27.02,27.75,27.75,27.05 x 1800,27.04 x 1800,17541618
297,28-9-2018  15:17:2,27.0,27.75,27.75,27.05 x 1800,27.04 x 1800,17541618
298,28-9-2018  15:17:18,27.0,27.75,27.75,27.05 x 1800,27.06 x 1100,17541618
299,28-9-2018  15:17:35,27.01,27.75,27.75,27.05 x 1800,27.06 x 1100,17541618
300,28-9-2018  15:17:51,27.0,27.75,27.75,27.04 x 1800,27.06 x 1100,17541618
301,28-9-2018  15:18:8,27.01,27.75,27.75,27.04 x 1800,27.06 x 1100,17541618
302,28-9-2018  15:18:24,27.01,27.75,27.75,27.04 x 1800,27.05 x 1400,17541618
303,28-9-2018  15:18:40,27.01,27.75,27.75,27.02 x 1800,27.05 x 1400,17541618
304,28-9-2018  15:18:56,27.0,27.75,27.75,27.02 x 1800,27.02 x 1800,17541618
305,28-9-2018  15:19:12,27.01,27.75,27.75,27.02 x 1800,27.02 x 1800,17541618
306,28-9-2018  15:19:29,27.02,27.75,27.75,27.01 x 3000,27.02 x 1800,17541618
307,28-9-2018  15:19:45,27.01,27.75,27.75,27.01 x 3000,27.02 x 1800,17541618
308,28-9-2018  15:20:1,27.01,27.75,27.75,27.01 x 3000,27.02 x 1800,17541618
309,28-9-2018  15:20:17,27.01,27.75,27.75,27.01 x 3000,27.02 x 1800,17541618
310,28-9-2018  15:20:33,27.02,27.75,27.75,27.05 x 900,27.06 x 1800,17541618
311,28-9-2018  15:20:49,27.02,27.75,27.75,27.05 x 900,27.06 x 1800,17541618
312,28-9-2018  15:21:6,27.02,27.75,27.75,27.05 x 900,27.06 x 1800,17541618
313,28-9-2018  15:21:22,27.02,27.75,27.75,27.05 x 900,27.06 x 1800,17541618
314,28-9-2018  15:21:38,27.03,27.75,27.75,27.05 x 900,27.05 x 1800,17541618
315,28-9-2018  15:21:55,27.04,27.75,27.75,27.05 x 900,27.05 x 1800,17541618
316,28-9-2018  15:22:11,27.01,27.75,27.75,27.0500 x 900,27.0500 x 1800,17541618
317,28-9-2018  15:22:27,27.02,27.75,27.75,27.05 x 1000,27.09 x 1800,17541618
318,28-9-2018  15:22:44,27.03,27.75,27.75,27.05 x 1000,27.09 x 1800,17541618
319,28-9-2018  15:23:0,27.02,27.75,27.75,27.05 x 1000,27.09 x 1800,17541618
320,28-9-2018  15:23:16,27.03,27.75,27.75,27.05 x 1000,27.06 x 1800,17541618
321,28-9-2018  15:23:33,27.02,27.75,27.75,27.05 x 1000,27.06 x 1800,17541618
322,28-9-2018  15:23:49,27.03,27.75,27.75,27.05 x 1000,27.06 x 1800,17541618
323,28-9-2018  15:24:5,27.02,27.75,27.75,27.05 x 1000,27.06 x 1800,17541618
324,28-9-2018  15:24:21,27.02,27.75,27.75,27.05 x 1000,27.06 x 1800,17541618
325,28-9-2018  15:24:38,26.97,27.75,27.75,27.05 x 1000,27.06 x 1800,17541618
326,28-9-2018  15:24:54,26.99,27.75,27.75,27.06 x 1000,27.06 x 1300,17541618
327,28-9-2018  15:25:10,26.98,27.75,27.75,27.06 x 1000,27.06 x 1300,17541618
328,28-9-2018  15:25:27,26.9835,27.75,27.75,27.0600 x 1000,27.0600 x 1300,17541618
329,28-9-2018  15:25:43,27.0,27.75,27.75,27.04 x 1000,27.05 x 1300,17541618
330,28-9-2018  15:25:59,27.0,27.75,27.75,27.04 x 1000,27.05 x 1300,17541618
331,28-9-2018  15:26:15,26.98,27.75,27.75,27.040 x 1000,27.050 x 1300,17541618
332,28-9-2018  15:26:31,26.99,27.75,27.75,27.02 x 2200,27.03 x 1800,17541618
333,28-9-2018  15:26:47,27.01,27.75,27.75,27.02 x 2200,27.03 x 1800,17541618
334,28-9-2018  15:27:4,27.01,27.75,27.75,27.02 x 2200,27.03 x 1800,17541618
335,28-9-2018  15:27:20,27.03,27.75,27.75,27.02 x 3200,27.03 x 1000,17541618
336,28-9-2018  15:27:36,27.01,27.75,27.75,27.02 x 3200,27.03 x 1100,17541618
337,28-9-2018  15:27:52,27.01,27.75,27.75,27.02 x 3200,27.03 x 1000,17541618
338,28-9-2018  15:28:9,27.01,27.75,27.75,27.02 x 3200,27.03 x 1000,17541618
339,28-9-2018  15:28:25,27.02,27.75,27.75,27.02 x 3200,27.03 x 1000,17541618
340,28-9-2018  15:28:41,27.01,27.75,27.75,27.02 x 1000,27.03 x 900,17541618
341,28-9-2018  15:28:57,27.02,27.75,27.75,27.02 x 1000,27.02 x 1000,17541618
342,28-9-2018  15:29:13,27.01,27.75,27.75,27.02 x 1000,27.02 x 1000,17541618
343,28-9-2018  15:29:30,27.01,27.75,27.75,27.02 x 1000,27.02 x 1000,17541618
344,28-9-2018  15:29:46,26.99,27.75,27.75,27.02 x 1000,27.02 x 1000,17541618
345,28-9-2018  15:30:2,26.99,27.75,27.75,27.03 x 1400,27.03 x 1000,17541618
346,28-9-2018  15:30:19,27.0,27.75,27.75,27.03 x 1400,27.03 x 1000,17541618
347,28-9-2018  15:30:35,27.0,27.75,27.75,27.03 x 1400,27.03 x 1000,17541618
348,28-9-2018  15:30:51,26.995,27.75,27.75,27.030 x 1400,27.030 x 1000,17541618
349,28-9-2018  15:31:8,26.99,27.75,27.75,27.03 x 1400,27.03 x 1400,17541618
350,28-9-2018  15:31:24,26.99,27.75,27.75,27.0300 x 1400,27.0300 x 1400,17541618
351,28-9-2018  15:31:40,27.0,27.75,27.75,27.03 x 900,27.03 x 1400,17541618
352,28-9-2018  15:31:56,26.9899,27.75,27.75,27.0000 x 1000,27.0100 x 2900,17541618
353,28-9-2018  15:32:12,26.99,27.75,27.75,27.00 x 1000,27.01 x 2900,17541618
354,28-9-2018  15:32:29,26.995,27.75,27.75,27.000 x 1000,27.010 x 2900,17541618
355,28-9-2018  15:32:45,27.0,27.75,27.75,27.00 x 1000,27.01 x 2900,17541618
356,28-9-2018  15:33:1,26.99,27.75,27.75,27.00 x 1000,27.01 x 2900,17541618
357,28-9-2018  15:33:17,26.99,27.75,27.75,27.00 x 3200,27.01 x 2900,17541618
358,28-9-2018  15:33:34,27.0,27.75,27.75,27.0000 x 3200,27.0100 x 2900,17541618
359,28-9-2018  15:33:50,26.995,27.75,27.75,27.0100 x 3200,27.0200 x 1100,17541618
360,28-9-2018  15:34:6,27.0041,27.75,27.75,27.0100 x 3200,27.0200 x 1100,17541618
361,28-9-2018  15:34:22,27.02,27.75,27.75,27.01 x 3200,27.02 x 1100,17541618
362,28-9-2018  15:34:39,27.01,27.75,27.75,27.01 x 3200,27.02 x 1100,17541618
363,28-9-2018  15:34:55,27.015,27.75,27.75,27.000 x 3200,27.010 x 2900,17541618
364,28-9-2018  15:35:12,27.02,27.75,27.75,27.00 x 3200,27.01 x 2900,17541618
365,28-9-2018  15:35:28,27.01,27.75,27.75,27.00 x 3200,27.01 x 2900,17541618
366,28-9-2018  15:35:44,27.01,27.75,27.75,27.00 x 3200,27.01 x 1300,17541618
367,28-9-2018  15:36:1,27.01,27.75,27.75,27.00 x 3200,27.01 x 1300,17541618
368,28-9-2018  15:36:17,27.01,27.75,27.75,27.00 x 3200,27.01 x 1300,17541618
369,28-9-2018  15:36:33,27.0,27.75,27.75,27.02 x 2900,27.03 x 800,17541618
370,28-9-2018  15:36:49,27.01,27.75,27.75,27.0200 x 2900,27.0300 x 800,17541618
371,28-9-2018  15:37:5,27.0,27.75,27.75,27.02 x 2900,27.03 x 800,17541618
372,28-9-2018  15:37:21,27.0,27.75,27.75,27.02 x 2900,27.03 x 800,17541618
373,28-9-2018  15:37:37,27.0,27.75,27.75,27.01 x 2900,27.03 x 1100,17541618
374,28-9-2018  15:37:54,27.0,27.75,27.75,27.01 x 2900,27.03 x 1100,17541618
375,28-9-2018  15:38:10,27.01,27.75,27.75,27.010 x 2900,27.030 x 1100,17541618
376,28-9-2018  15:38:26,27.02,27.75,27.75,27.01 x 2900,27.02 x 1100,17541618
377,28-9-2018  15:38:43,27.03,27.75,27.75,27.0100 x 2900,27.0200 x 1100,17541618
378,28-9-2018  15:38:59,27.0442,27.75,27.75,27.0100 x 2900,27.0200 x 1100,17541618
379,28-9-2018  15:39:16,27.06,27.75,27.75,27.01 x 2900,27.02 x 1100,17541618
380,28-9-2018  15:39:32,27.05,27.75,27.75,26.99 x 2200,27.01 x 1100,17541618
381,28-9-2018  15:39:48,27.06,27.75,27.75,26.9900 x 2200,27.0100 x 1100,17541618
382,28-9-2018  15:40:4,27.06,27.75,27.75,26.99 x 2200,27.01 x 1100,17541618
383,28-9-2018  15:40:20,27.06,27.75,27.75,26.99 x 2200,27.01 x 1100,17541618
384,28-9-2018  15:40:36,27.06,27.75,27.75,26.97 x 2200,26.99 x 1300,17541618
385,28-9-2018  15:40:53,27.06,27.75,27.75,26.99 x 2200,27.01 x 1100,17541618
386,28-9-2018  15:41:17,27.06,27.75,27.75,26.97 x 2200,26.99 x 1300,17541618
387,28-9-2018  15:41:33,27.06,27.75,27.75,26.97 x 800,26.99 x 1300,17541618
388,28-9-2018  15:41:50,27.06,27.75,27.75,26.97 x 800,26.99 x 1300,17541618
389,28-9-2018  15:42:6,27.055,27.75,27.75,26.9700 x 800,26.9900 x 800,17541618
390,28-9-2018  15:42:22,27.06,27.75,27.75,27.00 x 800,27.02 x 800,17541618
391,28-9-2018  15:42:38,27.035,27.75,27.75,27.000 x 800,27.020 x 800,17541618
392,28-9-2018  15:42:54,27.0329,27.75,27.75,27.0000 x 800,27.0200 x 800,17541618
393,28-9-2018  15:43:11,27.03,27.75,27.75,27.00 x 4000,27.02 x 1000,17541618
394,28-9-2018  15:43:27,27.0399,27.75,27.75,27.0000 x 4000,27.0200 x 1000,17541618
395,28-9-2018  15:43:43,27.035,27.75,27.75,27.010 x 3000,27.020 x 1000,17541618
396,28-9-2018  15:43:59,27.04,27.75,27.75,27.01 x 3000,27.02 x 1000,17541618
397,28-9-2018  15:44:15,27.03,27.75,27.75,27.0100 x 3000,27.0200 x 1000,17541618
398,28-9-2018  15:44:31,27.05,27.75,27.75,26.99 x 1400,27.01 x 3200,17541618
399,28-9-2018  15:44:48,27.03,27.75,27.75,26.99 x 1400,27.01 x 3200,17541618
400,28-9-2018  15:45:4,27.0499,27.75,27.75,26.9900 x 1400,27.0100 x 3200,17541618
401,28-9-2018  15:45:21,27.05,27.75,27.75,26.99 x 1100,27.01 x 4000,17541618
402,28-9-2018  15:45:37,27.0346,27.75,27.75,26.9900 x 1100,27.0100 x 4000,17541618
403,28-9-2018  15:45:53,27.04,27.75,27.75,26.99 x 1100,27.01 x 3200,17541618
404,28-9-2018  15:46:9,27.03,27.75,27.75,26.980 x 1100,26.990 x 4000,17541618
405,28-9-2018  15:46:25,27.02,27.75,27.75,26.98 x 1100,26.99 x 4000,17541618
406,28-9-2018  15:46:42,27.03,27.75,27.75,26.98 x 1100,26.99 x 4000,17541618
407,28-9-2018  15:46:58,27.12,27.75,27.75,26.98 x 1800,26.99 x 4000,17541618
408,28-9-2018  15:47:14,27.11,27.75,27.75,26.97 x 1800,26.98 x 4000,17541618
409,28-9-2018  15:47:30,27.13,27.75,27.75,26.97 x 1800,26.98 x 4000,17541618
410,28-9-2018  15:47:47,27.13,27.75,27.75,26.97 x 1800,26.98 x 4000,17541618
411,28-9-2018  15:48:3,27.135,27.75,27.75,26.97 x 1200,26.98 x 2200,17541618
412,28-9-2018  15:48:19,27.125,27.75,27.75,26.970 x 1200,26.980 x 2200,17541618
413,28-9-2018  15:48:35,27.14,27.75,27.75,26.97 x 1200,26.98 x 1400,17541618
414,28-9-2018  15:48:52,27.1301,27.75,27.75,26.9700 x 1200,26.9800 x 1400,17541618
415,28-9-2018  15:49:8,27.14,27.75,27.75,27.00 x 2200,27.01 x 800,17541618
416,28-9-2018  15:49:24,27.22,27.75,27.75,27.0000 x 2200,27.0100 x 800,17541618
417,28-9-2018  15:49:40,27.21,27.75,27.75,27.00 x 2200,27.01 x 800,17541618
418,28-9-2018  15:49:57,27.215,27.75,27.75,27.000 x 2200,27.010 x 800,17541618
419,28-9-2018  15:50:13,27.2,27.75,27.75,27.00 x 2200,27.01 x 800,17541618
420,28-9-2018  15:50:30,27.15,27.75,27.75,27.00 x 3100,27.01 x 800,17541618
421,28-9-2018  15:50:46,27.14,27.75,27.75,27.00 x 1000,27.01 x 800,17541618
422,28-9-2018  15:51:2,27.15,27.75,27.75,27.00 x 1000,27.01 x 800,17541618
423,28-9-2018  15:51:19,27.14,27.75,27.75,27.00 x 1000,27.01 x 800,17541618
424,28-9-2018  15:51:35,27.147,27.75,27.75,27.000 x 1800,27.010 x 1400,17541618
425,28-9-2018  15:51:51,27.15,27.75,27.75,27.00 x 1800,27.01 x 1400,17541618
426,28-9-2018  15:52:8,27.15,27.75,27.75,27.0000 x 900,27.0100 x 2900,17541618
427,28-9-2018  15:52:24,27.13,27.75,27.75,27.00 x 900,27.01 x 3000,17541618
428,28-9-2018  15:52:40,27.135,27.75,27.75,27.000 x 800,27.010 x 3000,17541618
429,28-9-2018  15:52:56,27.12,27.75,27.75,27.00 x 1000,27.01 x 3000,17541618
430,28-9-2018  15:53:13,27.09,27.75,27.75,27.01 x 2900,27.02 x 1000,17541618
431,28-9-2018  15:53:29,27.0801,27.75,27.75,27.0100 x 2900,27.0200 x 1000,17541618
432,28-9-2018  15:53:46,27.08,27.75,27.75,27.01 x 2900,27.02 x 1000,17541618
433,28-9-2018  15:54:2,27.08,27.75,27.75,27.0100 x 2900,27.0200 x 1000,17541618
434,28-9-2018  15:54:19,27.09,27.75,27.75,27.05 x 2900,27.06 x 800,17541618
435,28-9-2018  15:54:35,27.08,27.75,27.75,27.05 x 2900,27.06 x 800,17541618
436,28-9-2018  15:54:52,27.0801,27.75,27.75,27.0500 x 2900,27.0600 x 800,17541618
437,28-9-2018  15:55:8,27.08,27.75,27.75,27.050 x 2900,27.060 x 2900,17541618
438,28-9-2018  15:55:24,27.06,27.75,27.75,27.050 x 2200,27.060 x 800,17541618
439,28-9-2018  15:55:41,27.04,27.75,27.75,27.05 x 2200,27.06 x 800,17541618
440,28-9-2018  15:55:57,27.05,27.75,27.75,27.05 x 900,27.06 x 3200,17541618
441,28-9-2018  15:56:13,27.04,27.75,27.75,27.05 x 900,27.06 x 4000,17541618
442,28-9-2018  15:56:29,27.01,27.75,27.75,27.050 x 900,27.060 x 3200,17541618
443,28-9-2018  15:56:45,27.01,27.75,27.75,27.05 x 900,27.06 x 3200,17541618
444,28-9-2018  15:57:1,27.01,27.75,27.75,27.05 x 900,27.06 x 3200,17541618
445,28-9-2018  15:57:17,27.0,27.75,27.75,27.05 x 900,27.06 x 3200,17541618
446,28-9-2018  15:57:34,26.997,27.75,27.75,27.040 x 900,27.050 x 3200,17541618
447,28-9-2018  15:57:50,26.99,27.75,27.75,27.04 x 900,27.05 x 3200,17541618
448,28-9-2018  15:58:6,26.99,27.75,27.75,27.04 x 900,27.05 x 3200,17541618
449,28-9-2018  15:58:22,26.99,27.75,27.75,27.04 x 900,27.05 x 3200,17541618
450,28-9-2018  15:58:39,27.0,27.75,27.75,27.0400 x 900,27.0500 x 3200,17541618
451,28-9-2018  15:58:55,27.045,27.75,27.75,27.040 x 2200,27.050 x 1800,17541618
452,28-9-2018  15:59:12,27.06,27.75,27.75,27.04 x 2200,27.05 x 1800,17541618
453,28-9-2018  15:59:28,27.07,27.75,27.75,27.02 x 1000,27.03 x 3200,17541618
454,28-9-2018  15:59:44,27.07,27.75,27.75,27.02 x 1000,27.03 x 3200,17541618
455,28-9-2018  16:0:0,27.07,27.75,27.75,27.02 x 1000,27.03 x 3200,17541618
456,28-9-2018  16:0:17,27.07,27.75,27.75,27.0300 x 1000,27.0500 x 1100,17541618
