,time,Main Price,Prev Close,Open,Bid,Ask,Volume
1,27-9-2018  10:39:43,2005.21,1974.85,1993.2365,2003.1899 x 1000,2003.4301 x 800,4593670
2,27-9-2018  10:40:12,2005.3169,1974.85,1993.2365,2002.7500 x 1000,2003.4100 x 800,4593670
3,27-9-2018  10:40:41,2005.1,1974.85,1993.24,2002.75 x 1000,2003.41 x 800,4593670
4,27-9-2018  10:41:10,2005.71,1974.85,1993.2365,2003.1200 x 1000,2004.1801 x 800,4593670
5,27-9-2018  10:41:38,2005.99,1974.85,1993.24,2004.27 x 1000,2004.87 x 800,4593670
6,27-9-2018  10:42:7,2005.9899,1974.85,1993.2365,2004.2700 x 1000,2004.8700 x 800,4593670
7,27-9-2018  10:42:36,2006.73,1974.85,1993.24,2004.31 x 1000,2004.78 x 800,4593670
8,27-9-2018  10:43:5,2007.4301,1974.85,1993.2365,2004.3101 x 1000,2005.0000 x 800,4593670
9,27-9-2018  10:43:33,2007.682,1974.85,1993.236,2004.570 x 1000,2005.000 x 800,4593670
10,27-9-2018  10:44:2,2007.3641,1974.85,1993.2365,2004.5800 x 1000,2005.7700 x 800,4593670
11,27-9-2018  10:44:30,2006.5,1974.85,1993.2365,2004.5800 x 1000,2005.7700 x 800,4593670
12,27-9-2018  10:45:0,2006.75,1974.85,1993.24,2004.14 x 1000,2004.77 x 800,4593670
13,27-9-2018  10:45:29,2006.59,1974.85,1993.24,2004.14 x 1000,2004.77 x 800,4593670
14,27-9-2018  10:45:59,2007.035,1974.85,1993.2365,2004.2600 x 1000,2005.4399 x 800,4593670
15,27-9-2018  10:46:27,2007.44,1974.85,1993.24,2004.13 x 1000,2004.67 x 800,4593670
16,27-9-2018  10:46:56,2007.19,1974.85,1993.24,2004.13 x 1000,2004.67 x 800,4593670
17,27-9-2018  10:47:24,2007.73,1974.85,1993.24,2003.83 x 1000,2004.55 x 800,4593670
18,27-9-2018  10:47:54,2008,1974.85,1993.24,2003.06 x 1000,2003.77 x 800,4593670
19,27-9-2018  10:48:23,2008.5,1974.85,1993.24,2003.06 x 1000,2003.77 x 800,4593670
20,27-9-2018  10:48:52,2008.6801,1974.85,1993.2365,2003.0601 x 1000,2003.7600 x 800,4593670
21,27-9-2018  10:49:21,2008.31,1974.85,1993.236,2004.110 x 1000,2004.370 x 800,4593670
22,27-9-2018  10:49:50,2008.5,1974.85,1993.24,2004.11 x 1000,2004.37 x 800,4593670
23,27-9-2018  10:50:19,2008.49,1974.85,1993.24,2004.11 x 1000,2004.37 x 800,4593670
24,27-9-2018  10:50:48,2008.33,1974.85,1993.24,2003.93 x 1000,2004.92 x 800,4593670
25,27-9-2018  10:51:17,2008.999,1974.85,1993.236,2003.570 x 1000,2003.950 x 800,4593670
26,27-9-2018  10:51:46,2008.86,1974.85,1993.24,2004.460 x 1000,2004.990 x 800,4593670
27,27-9-2018  10:52:14,2007.83,1974.85,1993.2365,2004.4600 x 1000,2005.9900 x 800,4593670
28,27-9-2018  10:52:43,2008.3,1974.85,1993.2365,2005.3500 x 1000,2005.9900 x 800,4593670
29,27-9-2018  10:53:12,2008.5828,1974.85,1993.2365,2005.3500 x 1000,2005.8900 x 800,4593670
30,27-9-2018  10:53:40,2008.7101,1974.85,1993.2365,2005.51 x 1000,2005.89 x 800,4593670
31,27-9-2018  10:54:9,2008.87,1974.85,1993.24,2005.62 x 1000,2006.16 x 800,4593670
32,27-9-2018  10:54:37,2009.73,1974.85,1993.24,2005.62 x 1000,2006.00 x 800,4593670
33,27-9-2018  10:55:5,2009.4371,1974.85,1993.2365,2005.030 x 1000,2006.000 x 800,4593670
34,27-9-2018  10:55:34,2009.165,1974.85,1993.236,2005.030 x 1000,2005.700 x 800,4593670
35,27-9-2018  10:56:2,2009.4032,1974.85,1993.2365,2005.4000 x 1000,2005.7000 x 800,4593670
36,27-9-2018  10:56:30,2009.4032,1974.85,1993.2365,2005.470 x 1000,2005.700 x 800,4593670
37,27-9-2018  10:56:59,2009.0651,1974.85,1993.2365,2005.4700 x 1000,2005.7000 x 800,4593670
38,27-9-2018  10:57:27,2009.81,1974.85,1993.24,2005.58 x 1000,2006.40 x 800,4593670
39,27-9-2018  10:57:56,2009.23,1974.85,1993.24,2005.58 x 1000,2006.87 x 800,4593670
40,27-9-2018  10:58:25,2009.4301,1974.85,1993.2365,2006.7800 x 1000,2006.8700 x 800,4593670
41,27-9-2018  10:58:53,2008.75,1974.85,1993.24,2007.66 x 1000,2007.94 x 800,4593670
42,27-9-2018  10:59:22,2009.5,1974.85,1993.24,2007.66 x 1000,2007.73 x 800,4593670
43,27-9-2018  10:59:50,2010.1587,1974.85,1993.2365,2006.0300 x 1000,2007.7300 x 800,4593670
44,27-9-2018  11:0:18,2010.4023,1974.85,1993.2365,2006.0300 x 1000,2007.4399 x 800,4593670
45,27-9-2018  11:0:46,2010.27,1974.85,1993.24,2006.30 x 1000,2007.44 x 800,4593670
46,27-9-2018  11:1:14,2011.342,1974.85,1993.2365,2006.3000 x 1000,2007.1801 x 800,4593670
47,27-9-2018  11:1:43,2011.16,1974.85,1993.24,2006.84 x 1000,2007.74 x 800,4593670
48,27-9-2018  11:2:11,2011.3,1974.85,1993.24,2006.83 x 1000,2007.74 x 800,4593670
49,27-9-2018  11:2:41,2010.3717,1974.85,1993.2365,2006.8300 x 1000,2007.9100 x 800,4593670
50,27-9-2018  11:3:9,2010.68,1974.85,1993.24,2007.77 x 1000,2008.49 x 800,4593670
51,27-9-2018  11:3:38,2010.976,1974.85,1993.2365,2008.1500 x 1000,2008.4900 x 800,4593670
52,27-9-2018  11:4:6,2010.4279,1974.85,1993.2365,2008.1500 x 1000,2008.7500 x 800,4593670
53,27-9-2018  11:4:35,2011.25,1974.85,1993.236,2008.410 x 1000,2008.750 x 800,4593670
54,27-9-2018  11:5:3,2010.35,1974.85,1993.2365,2008.1300 x 1000,2008.8800 x 800,4593670
55,27-9-2018  11:5:32,2010.3,1974.85,1993.24,2008.13 x 1000,2008.88 x 800,4593670
56,27-9-2018  11:6:1,2010.2,1974.85,1993.24,2008.55 x 1000,2008.88 x 800,4593670
57,27-9-2018  11:6:30,2010.37,1974.85,1993.24,2008.51 x 1000,2009.00 x 800,4593670
58,27-9-2018  11:6:59,2010.74,1974.85,1993.24,2008.51 x 1000,2008.72 x 800,4593670
59,27-9-2018  11:7:28,2010.39,1974.85,1993.24,2007.59 x 1000,2008.72 x 800,4593670
60,27-9-2018  11:7:56,2009.4,1974.85,1993.24,2007.59 x 1000,2008.89 x 800,4593670
61,27-9-2018  11:8:25,2010.16,1974.85,1993.2365,2008.0200 x 1000,2008.8900 x 800,4593670
62,27-9-2018  11:8:53,2009.99,1974.85,1993.24,2008.02 x 1000,2008.89 x 800,4593670
63,27-9-2018  11:9:22,2009.94,1974.85,1993.24,2008.71 x 1000,2009.49 x 800,4593670
64,27-9-2018  11:9:50,2009.91,1974.85,1993.24,2009.37 x 1000,2009.49 x 800,4593670
65,27-9-2018  11:10:19,2010.44,1974.85,1993.24,2009.37 x 1000,2009.76 x 800,4593670
66,27-9-2018  11:10:47,2009.11,1974.85,1993.236,2009.070 x 1000,2009.760 x 800,4593670
67,27-9-2018  11:11:16,2009.12,1974.85,1993.24,2009.07 x 1000,2009.41 x 800,4593670
68,27-9-2018  11:11:45,2008.315,1974.85,1993.236,2008.740 x 1000,2009.870 x 800,4593670
69,27-9-2018  11:12:13,2007.83,1974.85,1993.2365,2008.7500 x 1000,2009.8700 x 800,4593670
70,27-9-2018  11:12:42,2008.36,1974.85,1993.24,2008.75 x 1000,2009.56 x 800,4593670
71,27-9-2018  11:13:11,2007.9,1974.85,1993.24,2009.08 x 1000,2009.58 x 800,4593670
72,27-9-2018  11:13:40,2006.9915,1974.85,1993.2365,2008.9000 x 1000,2009.5800 x 800,4593670
73,27-9-2018  11:14:8,2007.0334,1974.85,1993.2365,2008.9000 x 1000,2009.3500 x 800,4593670
74,27-9-2018  11:14:37,2007.21,1974.85,1993.24,2008.94 x 1000,2009.35 x 800,4593670
75,27-9-2018  11:15:5,2005.85,1974.85,1993.24,2010.08 x 1000,2009.99 x 800,4593670
76,27-9-2018  11:15:34,2006.01,1974.85,1993.2365,2010.0800 x 1000,2010.4301 x 800,4593670
77,27-9-2018  11:16:2,2006.56,1974.85,1993.24,2010.21 x 1000,2010.43 x 800,4593670
78,27-9-2018  11:16:31,2006.4803,1974.85,1993.2365,2011.0400 x 1000,2011.2800 x 800,4593670
79,27-9-2018  11:17:0,2006.3159,1974.85,1993.2365,2011.0400 x 1000,2011.6400 x 800,4593670
80,27-9-2018  11:17:28,2006.33,1974.85,1993.2365,2010.8101 x 1000,2011.6400 x 800,4593670
81,27-9-2018  11:17:57,2007.335,1974.85,1993.236,2010.810 x 1000,2011.640 x 800,4593670
82,27-9-2018  11:18:25,2007.76,1974.85,1993.24,2010.04 x 1000,2010.84 x 800,4593670
83,27-9-2018  11:18:54,2007.98,1974.85,1993.24,2010.18 x 1000,2010.99 x 800,4593670
84,27-9-2018  11:19:22,2007.56,1974.85,1993.24,2010.18 x 1000,2010.99 x 800,4593670
85,27-9-2018  11:19:51,2007.52,1974.85,1993.236,2010.690 x 1000,2010.940 x 800,4593670
86,27-9-2018  11:20:19,2007.2,1974.85,1993.24,2010.69 x 1000,2010.94 x 800,4593670
87,27-9-2018  11:20:48,2007.1,1974.85,1993.24,2010.23 x 1000,2011.05 x 800,4593670
88,27-9-2018  11:21:16,2006.38,1974.85,1993.236,2010.060 x 1000,2010.980 x 800,4593670
89,27-9-2018  11:21:45,2005.8,1974.85,1993.24,2010.06 x 1000,2010.98 x 800,4593670
90,27-9-2018  11:22:14,2005.671,1974.85,1993.236,2010.050 x 1000,2010.800 x 800,4593670
91,27-9-2018  11:22:43,2005.84,1974.85,1993.24,2010.08 x 1000,2010.50 x 800,4593670
92,27-9-2018  11:23:11,2005.26,1974.85,1993.24,2010.08 x 1000,2010.50 x 800,4593670
93,27-9-2018  11:23:40,2005.27,1974.85,1993.24,2009.46 x 1000,2010.00 x 800,4593670
94,27-9-2018  11:24:9,2005.75,1974.85,1993.24,2009.46 x 1000,2010.20 x 800,4593670
95,27-9-2018  11:24:38,2003.9037,1974.85,1993.2365,2009.6400 x 1000,2010.2000 x 800,4593670
96,27-9-2018  11:25:8,2003.12,1974.85,1993.24,2009.84 x 1000,2010.19 x 800,4593670
97,27-9-2018  11:25:36,2003.5801,1974.85,1993.2365,2009.8400 x 1000,2010.1899 x 800,4593670
98,27-9-2018  11:26:5,2002.81,1974.85,1993.24,2009.02 x 1000,2009.82 x 800,4593670
99,27-9-2018  11:26:34,2001.8,1974.85,1993.24,2009.0100 x 1000,2009.5500 x 800,4593670
100,27-9-2018  11:27:3,2002.34,1974.85,1993.24,2009.010 x 1000,2009.550 x 800,4593670
101,27-9-2018  11:27:31,2003.84,1974.85,1993.24,2007.44 x 1000,2008.66 x 800,4593670
102,27-9-2018  11:28:0,2004.87,1974.85,1993.24,2007.440 x 1000,2008.490 x 800,4593670
103,27-9-2018  11:28:29,2005.5225,1974.85,1993.2365,2007.7700 x 1000,2008.4900 x 800,4593670
104,27-9-2018  11:28:57,2005.14,1974.85,1993.24,2007.77 x 1000,2007.14 x 800,4593670
105,27-9-2018  11:29:25,2005.03,1974.85,1993.24,2006.38 x 1000,2007.14 x 800,4593670
106,27-9-2018  11:29:54,2005.03,1974.85,1993.2365,2007.370 x 1000,2007.650 x 800,4593670
107,27-9-2018  11:30:22,2004.43,1974.85,1993.24,2005.76 x 1000,2006.44 x 800,4593670
108,27-9-2018  11:30:51,2004.05,1974.85,1993.24,2005.76 x 1000,2006.44 x 800,4593670
109,27-9-2018  11:31:19,2004.88,1974.85,1993.236,2006.350 x 1000,2006.640 x 800,4593670
110,27-9-2018  11:31:47,2004.88,1974.85,1993.2365,2006.3500 x 1000,2006.6400 x 800,4593670
111,27-9-2018  11:32:16,2003.55,1974.85,1993.2365,2006.2000 x 1000,2006.5800 x 800,4593670
112,27-9-2018  11:32:44,2004.06,1974.85,1993.24,2006.19 x 1000,2006.93 x 800,4593670
113,27-9-2018  11:33:12,2004.0601,1974.85,1993.2365,2006.1899 x 1000,2006.9301 x 800,4593670
114,27-9-2018  11:33:41,2004.03,1974.85,1993.24,2007.21 x 1000,2007.99 x 800,4593670
115,27-9-2018  11:34:10,2004.03,1974.85,1993.24,2007.21 x 1000,2007.99 x 800,4593670
116,27-9-2018  11:34:38,2005.15,1974.85,1993.24,2006.74 x 1000,2007.56 x 800,4593670
117,27-9-2018  11:35:7,2005.5,1974.85,1993.24,2007.18 x 1000,2007.49 x 800,4593670
118,27-9-2018  11:35:35,2004.9288,1974.85,1993.2365,2007.1801 x 1000,2007.4900 x 800,4593670
119,27-9-2018  11:36:4,2004.82,1974.85,1993.24,2007.18 x 1000,2007.49 x 800,4593670
120,27-9-2018  11:36:32,2003.75,1974.85,1993.2365,2007.0601 x 1000,2007.8400 x 800,4593670
121,27-9-2018  11:37:1,2003.75,1974.85,1993.24,2005.36 x 1000,2005.67 x 800,4593670
122,27-9-2018  11:37:30,2004.64,1974.85,1993.2365,2005.4100 x 1000,2005.6700 x 800,4593670
123,27-9-2018  11:37:59,2004.3566,1974.85,1993.2365,2005.4100 x 1000,2006.4399 x 800,4593670
124,27-9-2018  11:38:28,2004.52,1974.85,1993.24,2005.43 x 1000,2006.44 x 800,4593670
125,27-9-2018  11:38:56,2004.03,1974.85,1993.24,2005.43 x 1000,2005.91 x 800,4593670
126,27-9-2018  11:39:24,2003.52,1974.85,1993.24,2005.34 x 1000,2006.04 x 800,4593670
127,27-9-2018  11:39:52,2003.92,1974.85,1993.24,2003.88 x 1000,2006.04 x 800,4593670
128,27-9-2018  11:40:21,2004.42,1974.85,1993.24,2003.88 x 1000,2003.70 x 800,4593670
129,27-9-2018  11:40:50,2005.6379,1974.85,1993.2365,2003.0300 x 1000,2003.7000 x 800,4593670
130,27-9-2018  11:41:18,2005.99,1974.85,1993.24,2003.03 x 1000,2004.01 x 800,4593670
131,27-9-2018  11:41:47,2006.2,1974.85,1993.2365,2001.9500 x 1000,2002.5000 x 800,4593670
132,27-9-2018  11:42:15,2006.2,1974.85,1993.24,2001.80 x 1000,2002.50 x 800,4593670
133,27-9-2018  11:42:43,2007.21,1974.85,1993.2365,2001.8000 x 1000,2002.5800 x 800,4593670
134,27-9-2018  11:43:11,2007.372,1974.85,1993.236,2004.280 x 1000,2002.580 x 800,4593670
135,27-9-2018  11:43:40,2007.1552,1974.85,1993.2365,2004.2800 x 1000,2005.2800 x 800,4593670
136,27-9-2018  11:44:8,2007.51,1974.85,1993.24,2005.07 x 1000,2005.95 x 800,4593670
137,27-9-2018  11:44:36,2008,1974.85,1993.2365,2004.5601 x 1000,2005.9500 x 800,4593670
138,27-9-2018  11:45:5,2008,1974.85,1993.24,2004.56 x 1000,2004.88 x 800,4593670
139,27-9-2018  11:45:33,2007.535,1974.85,1993.236,2004.270 x 1000,2005.140 x 800,4593670
140,27-9-2018  11:46:2,2007.6659,1974.85,1993.2365,2004.2700 x 1000,2005.1400 x 800,4593670
141,27-9-2018  11:46:30,2006.9407,1974.85,1993.2365,2004.2700 x 1000,2005.1400 x 800,4593670
142,27-9-2018  11:46:58,2007.1,1974.85,1993.24,2004.42 x 1000,2004.90 x 800,4593670
143,27-9-2018  11:47:27,2008,1974.85,1993.24,2004.15 x 1000,2004.48 x 800,4593670
144,27-9-2018  11:47:55,2008,1974.85,1993.24,2003.18 x 1000,2004.48 x 800,4593670
145,27-9-2018  11:48:24,2008.67,1974.85,1993.24,2004.09 x 1000,2003.93 x 800,4593670
146,27-9-2018  11:48:52,2008.77,1974.85,1993.24,2004.09 x 1000,2004.68 x 800,4593670
147,27-9-2018  11:49:21,2008.25,1974.85,1993.24,2003.72 x 1000,2004.68 x 800,4593670
148,27-9-2018  11:49:49,2008.41,1974.85,1993.24,2003.72 x 1000,2005.00 x 800,4593670
149,27-9-2018  11:50:18,2008.65,1974.85,1993.2365,2004.6300 x 1000,2005.4900 x 800,4593670
150,27-9-2018  11:50:48,2008.52,1974.85,1993.2365,2004.6300 x 1000,2005.4900 x 800,4593670
151,27-9-2018  11:51:16,2008.99,1974.85,1993.24,2004.86 x 1000,2005.49 x 800,4593670
152,27-9-2018  11:51:44,2009.55,1974.85,1993.2365,2003.7700 x 1000,2004.6000 x 800,4593670
153,27-9-2018  11:52:13,2008.425,1974.85,1993.236,2003.770 x 1000,2004.600 x 800,4593670
154,27-9-2018  11:52:42,2008.715,1974.85,1993.236,2003.890 x 1000,2004.500 x 800,4593670
155,27-9-2018  11:53:10,2008.8113,1974.85,1993.2365,2003.8900 x 1000,2004.5000 x 800,4593670
156,27-9-2018  11:53:38,2008.82,1974.85,1993.24,2003.54 x 1000,2004.89 x 800,4593670
157,27-9-2018  11:54:7,2008.08,1974.85,1993.24,2003.53 x 1000,2004.15 x 800,4593670
158,27-9-2018  11:54:36,2007.8519,1974.85,1993.2365,2003.3400 x 1000,2004.1500 x 800,4593670
159,27-9-2018  11:55:4,2007.999,1974.85,1993.236,2003.340 x 1000,2004.430 x 800,4593670
160,27-9-2018  11:55:32,2008,1974.85,1993.24,2003.83 x 1000,2004.43 x 800,4593670
161,27-9-2018  11:56:1,2008.48,1974.85,1993.24,2003.83 x 1000,2004.43 x 800,4593670
162,27-9-2018  11:56:30,2008.99,1974.85,1993.24,2005.16 x 1000,2006.83 x 800,4593670
163,27-9-2018  11:56:59,2009.22,1974.85,1993.24,2006.16 x 1000,2006.83 x 800,4593670
164,27-9-2018  11:57:27,2009.79,1974.85,1993.24,2006.16 x 1000,2006.99 x 800,4593670
165,27-9-2018  11:57:56,2009.91,1974.85,1993.24,2006.75 x 1000,2006.99 x 800,4593670
166,27-9-2018  11:58:24,2009.12,1974.85,1993.24,2006.75 x 1000,2007.65 x 800,4593670
167,27-9-2018  11:58:53,2009.3993,1974.85,1993.2365,2006.9800 x 1000,2007.6500 x 800,4593670
168,27-9-2018  11:59:22,2009.14,1974.85,1993.24,2007.41 x 1000,2007.67 x 800,4593670
169,27-9-2018  11:59:51,2009.04,1974.85,1993.24,2007.41 x 1000,2007.87 x 800,4593670
170,27-9-2018  12:0:20,2009.7,1974.85,1993.2365,2007.5300 x 1000,2007.8700 x 800,4593670
171,27-9-2018  12:0:49,2009.36,1974.85,1993.24,2007.53 x 1000,2007.99 x 800,4593670
172,27-9-2018  12:1:18,2008.83,1974.85,1993.24,2007.21 x 1000,2007.81 x 800,4593670
173,27-9-2018  12:1:46,2008.769,1974.85,1993.2365,2007.20 x 1000,2007.81 x 800,4593670
174,27-9-2018  12:2:15,2009.13,1974.85,1993.236,2007.200 x 1000,2007.100 x 800,4593670
175,27-9-2018  12:2:44,2008.28,1974.85,1993.24,2007.31 x 1000,2007.10 x 800,4593670
176,27-9-2018  12:3:13,2008.46,1974.85,1993.24,2008.00 x 1000,2008.30 x 800,4593670
177,27-9-2018  12:3:42,2008.3,1974.85,1993.2365,2008.0000 x 1000,2008.7000 x 800,4593670
178,27-9-2018  12:4:11,2009.49,1974.85,1993.2365,2008.3300 x 1000,2008.7000 x 800,4593670
179,27-9-2018  12:4:39,2009.1678,1974.85,1993.2365,2008.3300 x 1000,2008.8101 x 800,4593670
180,27-9-2018  12:5:8,2009.12,1974.85,1993.236,2008.020 x 1000,2008.650 x 800,4593670
181,27-9-2018  12:5:36,2009.1901,1974.85,1993.2365,2008.2900 x 1000,2008.6500 x 800,4593670
182,27-9-2018  12:6:4,2009.7,1974.85,1993.24,2008.29 x 1000,2008.80 x 800,4593670
183,27-9-2018  12:6:34,2009.65,1974.85,1993.24,2008.76 x 1000,2008.80 x 800,4593670
184,27-9-2018  12:7:2,2010,1974.85,1993.24,2008.7600 x 1000,2009.5400 x 800,4593670
185,27-9-2018  12:7:30,2010.3,1974.85,1993.24,2008.13 x 1000,2008.71 x 800,4593670
186,27-9-2018  12:7:59,2010.35,1974.85,1993.24,2008.13 x 1000,2008.71 x 800,4593670
187,27-9-2018  12:8:27,2010.39,1974.85,1993.24,2008.43 x 1000,2008.98 x 800,4593670
188,27-9-2018  12:8:56,2010.7,1974.85,1993.24,2008.36 x 1000,2008.98 x 800,4593670
189,27-9-2018  12:9:24,2011.63,1974.85,1993.24,2008.36 x 1000,2008.18 x 800,4593670
190,27-9-2018  12:9:53,2011.6262,1974.85,1993.2365,2007.4800 x 1000,2008.1801 x 800,4593670
191,27-9-2018  12:10:22,2011.01,1974.85,1993.24,2007.48 x 1000,2007.99 x 800,4593670
192,27-9-2018  12:10:51,2010.59,1974.85,1993.2365,2007.5900 x 1000,2008.1400 x 800,4593670
193,27-9-2018  12:11:19,2010.3975,1974.85,1993.2365,2008.2600 x 1000,2008.1400 x 800,4593670
194,27-9-2018  12:11:48,2010.4,1974.85,1993.24,2008.26 x 1000,2008.98 x 800,4593670
195,27-9-2018  12:12:16,2009.83,1974.85,1993.2365,2008.9399 x 1000,2008.9800 x 800,4593670
196,27-9-2018  12:12:45,2010.01,1974.85,1993.24,2008.93 x 1000,2009.39 x 800,4593670
197,27-9-2018  12:13:13,2009.86,1974.85,1993.24,2008.93 x 1000,2009.99 x 800,4593670
198,27-9-2018  12:13:42,2010.5,1974.85,1993.24,2009.15 x 1000,2009.99 x 800,4593670
199,27-9-2018  12:14:10,2009.94,1974.85,1993.24,2009.15 x 1000,2009.56 x 800,4593670
200,27-9-2018  12:14:39,2010.8,1974.85,1993.24,2008.83 x 1000,2009.56 x 800,4593670
201,27-9-2018  12:15:8,2011,1974.85,1993.24,2009.38 x 1000,2009.65 x 800,4593670
202,27-9-2018  12:15:36,2011.45,1974.85,1993.2365,2009.3800 x 1000,2009.8101 x 800,4593670
203,27-9-2018  12:16:5,2011.14,1974.85,1993.24,2009.60 x 1000,2009.81 x 800,4593670
204,27-9-2018  12:16:33,2010.84,1974.85,1993.24,2009.60 x 1000,2009.46 x 800,4593670
205,27-9-2018  12:17:2,2011,1974.85,1993.236,2008.370 x 1000,2008.530 x 800,4593670
206,27-9-2018  12:17:30,2010.72,1974.85,1993.236,2008.580 x 1000,2008.530 x 800,4593670
207,27-9-2018  12:17:59,2010.4199,1974.85,1993.2365,2008.5800 x 1000,2008.5699 x 800,4593670
208,27-9-2018  12:18:27,2010.2106,1974.85,1993.2365,2008.6300 x 1000,2008.5699 x 800,4593670
209,27-9-2018  12:18:56,2010.1,1974.85,1993.2365,2008.3400 x 1000,2009.0000 x 800,4593670
210,27-9-2018  12:19:24,2010.1,1974.85,1993.2365,2008.3400 x 1000,2009.0000 x 800,4593670
211,27-9-2018  12:19:52,2009.22,1974.85,1993.2365,2009.0200 x 1000,2009.4800 x 800,4593670
212,27-9-2018  12:20:20,2010,1974.85,1993.2365,2009.0200 x 1000,2009.7200 x 800,4593670
213,27-9-2018  12:20:49,2010.04,1974.85,1993.24,2009.17 x 1000,2009.72 x 800,4593670
214,27-9-2018  12:21:17,2009.98,1974.85,1993.24,2009.30 x 1000,2009.72 x 800,4593670
215,27-9-2018  12:21:46,2010.42,1974.85,1993.2365,2009.3000 x 1000,2009.7800 x 800,4593670
216,27-9-2018  12:22:14,2010.57,1974.85,1993.24,2009.73 x 1000,2009.78 x 800,4593670
217,27-9-2018  12:22:44,2010.4351,1974.85,1993.2365,2010.14 x 1000,2010.48 x 800,4593670
218,27-9-2018  12:23:13,2010.75,1974.85,1993.24,2010.14 x 1000,2010.48 x 800,4593670
219,27-9-2018  12:23:42,2010.75,1974.85,1993.2365,2010.3500 x 1000,2010.6500 x 800,4593670
220,27-9-2018  12:24:10,2010,1974.85,1993.24,2010.35 x 1000,2011.18 x 800,4593670
221,27-9-2018  12:24:39,2009.62,1974.85,1993.24,2010.96 x 1000,2011.18 x 800,4593670
222,27-9-2018  12:25:8,2009.5,1974.85,1993.24,2011.44 x 1000,2011.79 x 1000,4593670
223,27-9-2018  12:25:36,2009.5,1974.85,1993.24,2011.44 x 1000,2011.79 x 1000,4593670
224,27-9-2018  12:26:5,2010.5382,1974.85,1993.2365,2010.6200 x 1000,2011.3199 x 1000,4593670
225,27-9-2018  12:26:34,2010.75,1974.85,1993.24,2010.62 x 1000,2011.32 x 1000,4593670
226,27-9-2018  12:27:2,2010.77,1974.85,1993.24,2010.21 x 1000,2010.74 x 1000,4593670
227,27-9-2018  12:27:30,2010.77,1974.85,1993.24,2010.21 x 1000,2010.46 x 1000,4593670
228,27-9-2018  12:27:59,2011.08,1974.85,1993.24,2009.99 x 1000,2010.46 x 1000,4593670
229,27-9-2018  12:28:28,2011.15,1974.85,1993.24,2009.99 x 1000,2010.45 x 1000,4593670
230,27-9-2018  12:28:57,2011.17,1974.85,1993.24,2010.20 x 1000,2010.86 x 1000,4593670
231,27-9-2018  12:29:25,2011.41,1974.85,1993.24,2010.20 x 1000,2010.86 x 1000,4593670
232,27-9-2018  12:29:54,2011.1321,1974.85,1993.2365,2010.6100 x 1000,2010.7900 x 1000,4593670
233,27-9-2018  12:30:22,2011.31,1974.85,1993.24,2010.61 x 1000,2010.79 x 1000,4593670
234,27-9-2018  12:30:51,2010.53,1974.85,1993.24,2011.06 x 1000,2011.33 x 1000,4593670
235,27-9-2018  12:31:20,2011.31,1974.85,1993.24,2011.06 x 1000,2011.42 x 1000,4593670
236,27-9-2018  12:31:48,2010.91,1974.85,1993.24,2011.01 x 1000,2011.42 x 1000,4593670
237,27-9-2018  12:32:17,2010.86,1974.85,1993.24,2010.87 x 1000,2011.40 x 1000,4593670
238,27-9-2018  12:32:47,2009.907,1974.85,1993.236,2010.870 x 1000,2010.180 x 1000,4593670
239,27-9-2018  12:33:15,2009.792,1974.85,1993.2365,2010.0100 x 1000,2010.1801 x 1000,4593670
240,27-9-2018  12:33:44,2010.49,1974.85,1993.24,2009.90 x 1000,2010.40 x 1000,4593670
241,27-9-2018  12:34:13,2010.45,1974.85,1993.24,2009.90 x 1000,2010.40 x 1000,4593670
242,27-9-2018  12:34:41,2010.69,1974.85,1993.24,2009.86 x 1000,2010.41 x 1000,4593670
243,27-9-2018  12:35:10,2010.69,1974.85,1993.24,2009.86 x 1000,2009.92 x 1000,4593670
244,27-9-2018  12:35:38,2010.38,1974.85,1993.2365,2009.8900 x 1000,2009.9200 x 1000,4593670
245,27-9-2018  12:36:7,2010.6,1974.85,1993.24,2010.23 x 1000,2010.42 x 1000,4593670
246,27-9-2018  12:36:35,2010.18,1974.85,1993.24,2010.23 x 1000,2010.42 x 1000,4593670
247,27-9-2018  12:37:4,2010.18,1974.85,1993.24,2010.23 x 1000,2010.42 x 1000,4593670
248,27-9-2018  12:37:32,2010.85,1974.85,1993.24,2010.23 x 1000,2010.42 x 1000,4593670
249,27-9-2018  12:38:1,2010.68,1974.85,1993.24,2010.25 x 1000,2010.98 x 1000,4593670
250,27-9-2018  12:38:30,2010.819,1974.85,1993.236,2010.250 x 1000,2010.980 x 1000,4593670
251,27-9-2018  12:38:58,2011.6801,1974.85,1993.2365,2010.2300 x 1000,2010.8800 x 1000,4593670
252,27-9-2018  12:39:28,2011.79,1974.85,1993.24,2009.31 x 1000,2010.74 x 1000,4593670
253,27-9-2018  12:39:56,2012,1974.85,1993.24,2009.31 x 1000,2009.62 x 1000,4593670
254,27-9-2018  12:40:25,2011.09,1974.85,1993.24,2009.37 x 1000,2009.62 x 1000,4593670
255,27-9-2018  12:40:54,2011.0699,1974.85,1993.2365,2010.0500 x 1000,2010.4900 x 1000,4593670
256,27-9-2018  12:41:22,2011,1974.85,1993.2365,2010.05 x 1000,2010.97 x 1000,4593670
257,27-9-2018  12:41:51,2011.24,1974.85,1993.24,2010.54 x 1000,2010.97 x 1000,4593670
258,27-9-2018  12:42:19,2011.21,1974.85,1993.24,2010.54 x 1000,2011.21 x 1000,4593670
259,27-9-2018  12:42:48,2011.2137,1974.85,1993.2365,2010.5800 x 1000,2011.2100 x 1000,4593670
260,27-9-2018  12:43:17,2011.54,1974.85,1993.24,2010.71 x 1000,2011.47 x 1000,4593670
261,27-9-2018  12:43:45,2011.2,1974.85,1993.24,2010.71 x 1000,2011.47 x 1000,4593670
262,27-9-2018  12:44:14,2011.6796,1974.85,1993.2365,2011.2900 x 1000,2011.4700 x 1000,4593670
263,27-9-2018  12:44:43,2011.999,1974.85,1993.236,2011.29 x 1000,2011.49 x 1000,4593670
264,27-9-2018  12:45:11,2011.59,1974.85,1993.24,2011.33 x 1000,2011.11 x 1000,4593670
265,27-9-2018  12:45:40,2011.5896,1974.85,1993.2365,2011.1200 x 1000,2011.1100 x 1000,4593670
266,27-9-2018  12:46:8,2011.4674,1974.85,1993.2365,2010.3101 x 1000,2010.8199 x 1000,4593670
267,27-9-2018  12:46:37,2011.4674,1974.85,1993.2365,2010.3101 x 1000,2010.8199 x 1000,4593670
268,27-9-2018  12:47:5,2011.47,1974.85,1993.24,2010.41 x 1000,2011.30 x 1000,4593670
269,27-9-2018  12:47:34,2011.37,1974.85,1993.24,2010.41 x 1000,2011.30 x 1000,4593670
270,27-9-2018  12:48:3,2012.056,1974.85,1993.236,2009.900 x 1000,2010.160 x 1000,4593670
271,27-9-2018  12:48:32,2012.47,1974.85,1993.24,2009.90 x 1000,2010.46 x 1000,4593670
272,27-9-2018  12:49:1,2012.38,1974.85,1993.2365,2010.1899 x 1000,2010.4600 x 1000,4593670
273,27-9-2018  12:49:29,2012.63,1974.85,1993.24,2010.19 x 1000,2010.85 x 1000,4593670
274,27-9-2018  12:49:58,2012.7894,1974.85,1993.2365,2010.3199 x 1000,2010.8500 x 1000,4593670
275,27-9-2018  12:50:27,2013.03,1974.85,1993.2365,2010.6700 x 1000,2010.9500 x 1000,4593670
276,27-9-2018  12:50:55,2012.85,1974.85,1993.24,2010.67 x 1000,2010.99 x 1000,4593670
277,27-9-2018  12:51:24,2013.11,1974.85,1993.24,2010.72 x 1000,2010.99 x 1000,4593670
278,27-9-2018  12:51:53,2013.11,1974.85,1993.236,2010.720 x 1000,2010.400 x 1000,4593670
279,27-9-2018  12:52:21,2012.5385,1974.85,1993.2365,2010.1600 x 1000,2010.9600 x 1000,4593670
280,27-9-2018  12:52:50,2012.455,1974.85,1993.236,2010.780 x 1000,2010.960 x 1000,4593670
281,27-9-2018  12:53:19,2012.6,1974.85,1993.24,2010.48 x 1000,2011.17 x 1000,4593670
282,27-9-2018  12:53:48,2012.965,1974.85,1993.236,2010.480 x 1000,2011.280 x 1000,4593670
283,27-9-2018  12:54:17,2013.1,1974.85,1993.24,2011.33 x 1000,2011.28 x 1000,4593670
284,27-9-2018  12:54:46,2013.2572,1974.85,1993.2365,2011.3300 x 1000,2011.7800 x 1000,4593670
285,27-9-2018  12:55:14,2013.25,1974.85,1993.24,2011.52 x 1000,2011.99 x 1000,4593670
286,27-9-2018  12:55:43,2013.358,1974.85,1993.236,2011.520 x 1000,2011.990 x 1000,4593670
287,27-9-2018  12:56:12,2013.46,1974.85,1993.24,2010.62 x 1000,2011.68 x 1000,4593670
288,27-9-2018  12:56:40,2013.41,1974.85,1993.24,2011.33 x 1000,2011.68 x 1000,4593670
289,27-9-2018  12:57:9,2013.37,1974.85,1993.24,2011.33 x 1000,2011.93 x 1000,4593670
290,27-9-2018  12:57:38,2013.4052,1974.85,1993.2365,2011.0000 x 1000,2011.9301 x 1000,4593670
291,27-9-2018  12:58:6,2013.3275,1974.85,1993.2365,2011.0000 x 1000,2011.8900 x 1000,4593670
292,27-9-2018  12:58:34,2013.04,1974.85,1993.24,2011.67 x 1000,2012.00 x 1000,4593670
293,27-9-2018  12:59:3,2013.56,1974.85,1993.24,2011.67 x 1000,2012.00 x 1000,4593670
294,27-9-2018  12:59:33,2012.95,1974.85,1993.24,2011.10 x 1000,2011.50 x 1000,4593670
295,27-9-2018  13:0:1,2012.05,1974.85,1993.24,2011.62 x 1000,2011.99 x 1000,4593670
296,27-9-2018  13:0:30,2011.52,1974.85,1993.24,2011.62 x 1000,2011.99 x 1000,4593670
297,27-9-2018  13:0:59,2011.531,1974.85,1993.236,2011.280 x 1000,2011.990 x 1000,4593670
298,27-9-2018  13:1:28,2009.4983,1974.85,1993.2365,2011.520 x 1000,2011.960 x 1000,4593670
299,27-9-2018  13:1:57,2010,1974.85,1993.236,2011.520 x 1000,2011.960 x 1000,4593670
300,27-9-2018  13:2:26,2010,1974.85,1993.24,2011.10 x 1000,2011.49 x 1000,4593670
301,27-9-2018  13:2:54,2010.73,1974.85,1993.236,2011.320 x 1000,2011.490 x 1000,4593670
302,27-9-2018  13:3:22,2011.0253,1974.85,1993.2365,2012.30 x 1000,2012.30 x 1000,4593670
303,27-9-2018  13:3:51,2011.03,1974.85,1993.24,2012.30 x 1000,2012.30 x 1000,4593670
304,27-9-2018  13:4:20,2011.09,1974.85,1993.24,2012.32 x 1000,2012.91 x 1000,4593670
305,27-9-2018  13:4:48,2010.8,1974.85,1993.24,2012.32 x 1000,2013.00 x 1000,4593670
306,27-9-2018  13:5:17,2010.83,1974.85,1993.24,2012.54 x 1000,2013.00 x 1000,4593670
307,27-9-2018  13:5:47,2012.1914,1974.85,1993.2365,2012.5400 x 1000,2013.3300 x 1000,4593670
308,27-9-2018  13:6:15,2011.77,1974.85,1993.2365,2012.3400 x 1000,2013.3300 x 1000,4593670
309,27-9-2018  13:6:44,2011.136,1974.85,1993.236,2012.930 x 1000,2013.330 x 1000,4593670
310,27-9-2018  13:7:14,2010.77,1974.85,1993.24,2012.9301 x 1000,2013.4399 x 1000,4593670
311,27-9-2018  13:7:44,2010.27,1974.85,1993.24,2012.45 x 1000,2013.44 x 1000,4593670
312,27-9-2018  13:8:13,2010.53,1974.85,1993.2365,2012.2000 x 1000,2012.9100 x 1000,4593670
313,27-9-2018  13:8:42,2010.85,1974.85,1993.24,2012.20 x 1000,2012.99 x 1000,4593670
314,27-9-2018  13:9:11,2011.0342,1974.85,1993.2365,2013.0100 x 1000,2012.9900 x 1000,4593670
315,27-9-2018  13:9:40,2010.98,1974.85,1993.24,2013.01 x 1000,2013.45 x 1000,4593670
316,27-9-2018  13:10:9,2010.98,1974.85,1993.2365,2013.0100 x 1000,2013.4500 x 1000,4593670
317,27-9-2018  13:10:38,2010.8412,1974.85,1993.2365,2013.2400 x 1000,2013.4500 x 1000,4593670
318,27-9-2018  13:11:7,2011.12,1974.85,1993.24,2013.24 x 1000,2013.45 x 1000,4593670
319,27-9-2018  13:11:36,2010.91,1974.85,1993.24,2013.39 x 1000,2013.45 x 1000,4593670
320,27-9-2018  13:12:5,2011.55,1974.85,1993.2365,2013.3900 x 1000,2013.7000 x 1000,4593670
321,27-9-2018  13:12:33,2011.13,1974.85,1993.24,2013.3700 x 1000,2013.7300 x 1000,4593670
322,27-9-2018  13:13:2,2010.95,1974.85,1993.24,2013.32 x 1000,2013.73 x 1000,4593670
323,27-9-2018  13:13:31,2011.06,1974.85,1993.24,2013.32 x 1000,2013.29 x 1000,4593670
324,27-9-2018  13:14:0,2010.49,1974.85,1993.2365,2012.5699 x 1000,2012.9600 x 1000,4593670
325,27-9-2018  13:14:29,2011.37,1974.85,1993.24,2012.57 x 1000,2012.96 x 1000,4593670
326,27-9-2018  13:14:58,2011.05,1974.85,1993.24,2012.93 x 1000,2013.22 x 1000,4593670
327,27-9-2018  13:15:27,2011.59,1974.85,1993.24,2012.22 x 1000,2013.22 x 1000,4593670
328,27-9-2018  13:15:55,2011.41,1974.85,1993.24,2012.22 x 1000,2011.99 x 1000,4593670
329,27-9-2018  13:16:24,2011.58,1974.85,1993.24,2010.97 x 1000,2010.85 x 1000,4593670
330,27-9-2018  13:16:53,2012,1974.85,1993.2365,2010.9700 x 1000,2010.8500 x 1000,4593670
331,27-9-2018  13:17:22,2012.46,1974.85,1993.24,2010.00 x 1000,2010.39 x 1000,4593670
332,27-9-2018  13:17:51,2012.46,1974.85,1993.24,2010.33 x 1000,2010.39 x 1000,4593670
333,27-9-2018  13:18:19,2012.09,1974.85,1993.24,2010.330 x 1000,2010.820 x 1000,4593670
334,27-9-2018  13:18:48,2012.5,1974.85,1993.24,2010.64 x 1000,2010.82 x 1000,4593670
335,27-9-2018  13:19:17,2012.48,1974.85,1993.24,2010.64 x 1000,2011.24 x 1000,4593670
336,27-9-2018  13:19:46,2012.3199,1974.85,1993.2365,2010.9500 x 1000,2011.2400 x 1000,4593670
337,27-9-2018  13:20:14,2012.43,1974.85,1993.24,2010.78 x 1000,2011.24 x 1000,4593670
338,27-9-2018  13:20:43,2011.47,1974.85,1993.24,2010.78 x 1000,2010.99 x 1000,4593670
339,27-9-2018  13:21:12,2011.49,1974.85,1993.24,2011.91 x 1000,2010.99 x 1000,4593670
340,27-9-2018  13:21:41,2011.31,1974.85,1993.24,2011.91 x 1000,2011.89 x 1000,4593670
341,27-9-2018  13:22:10,2011.32,1974.85,1993.24,2010.60 x 1000,2011.89 x 1000,4593670
342,27-9-2018  13:22:38,2011.41,1974.85,1993.24,2010.11 x 1000,2011.36 x 1000,4593670
343,27-9-2018  13:23:7,2010.75,1974.85,1993.2365,2010.1100 x 1000,2010.5200 x 1000,4593670
344,27-9-2018  13:23:36,2010.37,1974.85,1993.24,2010.03 x 1000,2010.84 x 1000,4593670
345,27-9-2018  13:24:5,2010.44,1974.85,1993.24,2010.03 x 1000,2010.84 x 1000,4593670
346,27-9-2018  13:24:34,2011.2356,1974.85,1993.2365,2010.4700 x 1000,2011.2300 x 1000,4593670
347,27-9-2018  13:25:3,2011.44,1974.85,1993.24,2010.90 x 1000,2011.40 x 1000,4593670
348,27-9-2018  13:25:32,2011.1101,1974.85,1993.2365,2010.9000 x 1000,2011.4000 x 1000,4593670
349,27-9-2018  13:26:1,2010.87,1974.85,1993.24,2010.70 x 1000,2011.40 x 1000,4593670
350,27-9-2018  13:26:30,2010.57,1974.85,1993.24,2010.70 x 1000,2011.31 x 1000,4593670
351,27-9-2018  13:26:59,2010.9967,1974.85,1993.2365,2010.8400 x 1000,2011.3600 x 1000,4593670
352,27-9-2018  13:27:28,2010.8837,1974.85,1993.2365,2011.2500 x 1000,2011.3600 x 1000,4593670
353,27-9-2018  13:27:57,2011.2192,1974.85,1993.2365,2011.2500 x 1000,2011.4900 x 1000,4593670
354,27-9-2018  13:28:26,2011.915,1974.85,1993.2365,2010.9000 x 1000,2011.4900 x 1000,4593670
355,27-9-2018  13:28:55,2011.61,1974.85,1993.24,2010.78 x 1000,2011.34 x 1000,4593670
356,27-9-2018  13:29:23,2011.37,1974.85,1993.24,2010.78 x 1000,2010.91 x 1000,4593670
357,27-9-2018  13:29:51,2011.37,1974.85,1993.24,2011.09 x 1000,2010.91 x 1000,4593670
358,27-9-2018  13:30:20,2011,1974.85,1993.24,2011.09 x 1000,2011.04 x 1000,4593670
359,27-9-2018  13:30:49,2011.3311,1974.85,1993.2365,2010.8600 x 1000,2011.6400 x 1000,4593670
360,27-9-2018  13:31:18,2011.5,1974.85,1993.24,2011.30 x 1000,2011.64 x 1000,4593670
361,27-9-2018  13:31:47,2011.3821,1974.85,1993.2365,2011.3000 x 1000,2011.8700 x 1000,4593670
362,27-9-2018  13:32:16,2011.51,1974.85,1993.24,2011.79 x 1000,2012.49 x 1000,4593670
363,27-9-2018  13:32:46,2011.757,1974.85,1993.236,2011.790 x 1000,2012.490 x 1000,4593670
364,27-9-2018  13:33:14,2011.51,1974.85,1993.24,2011.99 x 1000,2012.36 x 1000,4593670
365,27-9-2018  13:33:43,2011.5717,1974.85,1993.2365,2011.8500 x 1000,2012.4900 x 1000,4593670
366,27-9-2018  13:34:12,2011.995,1974.85,1993.236,2011.850 x 1000,2012.490 x 1000,4593670
367,27-9-2018  13:34:42,2011.9205,1974.85,1993.2365,2012.5000 x 1000,2012.8700 x 1000,4593670
368,27-9-2018  13:35:11,2011.95,1974.85,1993.24,2012.31 x 1000,2012.87 x 1000,4593670
369,27-9-2018  13:35:40,2012.84,1974.85,1993.24,2012.31 x 1000,2012.68 x 1000,4593670
370,27-9-2018  13:36:9,2014.0055,1974.85,1993.2365,2011.4700 x 1000,2012.0400 x 1000,4593670
371,27-9-2018  13:36:38,2013.82,1974.85,1993.24,2011.47 x 1000,2012.04 x 1000,4593670
372,27-9-2018  13:37:7,2013.6285,1974.85,1993.2365,2011.1000 x 1000,2011.2800 x 1000,4593670
373,27-9-2018  13:37:36,2013.2,1974.85,1993.24,2011.05 x 1000,2011.43 x 1000,4593670
374,27-9-2018  13:38:6,2012.5,1974.85,1993.24,2010.54 x 1000,2011.43 x 1000,4593670
375,27-9-2018  13:38:35,2012.5,1974.85,1993.236,2010.540 x 1000,2010.690 x 1000,4593670
376,27-9-2018  13:39:4,2013.32,1974.85,1993.24,2010.25 x 1000,2010.69 x 1000,4593670
377,27-9-2018  13:39:33,2013.26,1974.85,1993.24,2010.25 x 1000,2010.64 x 1000,4593670
378,27-9-2018  13:40:2,2013.26,1974.85,1993.24,2011.2100 x 1000,2010.6400 x 1000,4593670
379,27-9-2018  13:40:32,2014.0601,1974.85,1993.2365,2011.2100 x 1000,2011.7200 x 1000,4593670
380,27-9-2018  13:41:0,2014.3923,1974.85,1993.2365,2010.9500 x 1000,2011.3300 x 1000,4593670
381,27-9-2018  13:41:29,2014.69,1974.85,1993.24,2010.51 x 1000,2011.33 x 1000,4593670
382,27-9-2018  13:41:58,2013.0701,1974.85,1993.2365,2010.5100 x 1000,2011.1500 x 1000,4593670
383,27-9-2018  13:42:27,2013.0701,1974.85,1993.2365,2010.6000 x 1000,2011.3101 x 1000,4593670
384,27-9-2018  13:42:56,2013,1974.85,1993.2365,2011.0900 x 1000,2011.3101 x 1000,4593670
385,27-9-2018  13:43:25,2013.4899,1974.85,1993.2365,2011.0900 x 1000,2011.4800 x 1000,4593670
386,27-9-2018  13:43:55,2013.565,1974.85,1993.236,2011.690 x 1000,2011.480 x 1000,4593670
387,27-9-2018  13:44:23,2013.74,1974.85,1993.24,2011.69 x 1000,2011.99 x 1000,4593670
388,27-9-2018  13:44:52,2014,1974.85,1993.24,2011.12 x 1000,2011.49 x 1000,4593670
389,27-9-2018  13:45:22,2012.8701,1974.85,1993.2365,2010.6200 x 1000,2011.4900 x 1000,4593670
390,27-9-2018  13:45:51,2012.6936,1974.85,1993.2365,2010.6200 x 1000,2011.4900 x 1000,4593670
391,27-9-2018  13:46:19,2013.19,1974.85,1993.24,2010.62 x 1000,2011.49 x 1000,4593670
392,27-9-2018  13:46:49,2013.4399,1974.85,1993.2365,2011.2200 x 1000,2011.4900 x 1000,4593670
393,27-9-2018  13:47:17,2013.44,1974.85,1993.24,2011.51 x 1000,2011.74 x 1000,4593670
394,27-9-2018  13:47:47,2013.88,1974.85,1993.24,2011.51 x 1000,2011.74 x 1000,4593670
395,27-9-2018  13:48:16,2013.6984,1974.85,1993.2365,2011.5601 x 1000,2011.9000 x 1000,4593670
396,27-9-2018  13:48:45,2013.7,1974.85,1993.24,2011.56 x 1000,2011.90 x 1000,4593670
397,27-9-2018  13:49:15,2014.49,1974.85,1993.236,2011.530 x 1000,2011.980 x 1000,4593670
398,27-9-2018  13:49:44,2014.57,1974.85,1993.24,2011.51 x 1000,2011.96 x 1000,4593670
399,27-9-2018  13:50:14,2014.18,1974.85,1993.24,2011.51 x 1000,2011.96 x 1000,4593670
400,27-9-2018  13:50:43,2014.2999,1974.85,1993.2365,2011.97 x 1000,2012.50 x 1000,4593670
401,27-9-2018  13:51:12,2013.93,1974.85,1993.24,2013.27 x 1000,2013.55 x 1000,4593670
402,27-9-2018  13:51:41,2013.2968,1974.85,1993.2365,2013.2700 x 1000,2013.5500 x 1000,4593670
403,27-9-2018  13:52:10,2013.985,1974.85,1993.236,2013.680 x 1000,2014.510 x 1000,4593670
404,27-9-2018  13:52:39,2013.73,1974.85,1993.24,2013.16 x 1000,2013.37 x 1000,4593670
405,27-9-2018  13:53:9,2014.5,1974.85,1993.24,2013.16 x 1000,2013.37 x 1000,4593670
406,27-9-2018  13:53:38,2014.54,1974.85,1993.236,2012.660 x 1000,2013.300 x 1000,4593670
407,27-9-2018  13:54:7,2014.845,1974.85,1993.236,2012.660 x 1000,2013.300 x 1000,4593670
408,27-9-2018  13:54:36,2014.99,1974.85,1993.24,2013.21 x 1000,2013.94 x 1000,4593670
409,27-9-2018  13:55:5,2014.99,1974.85,1993.24,2013.21 x 1000,2013.94 x 1000,4593670
410,27-9-2018  13:55:34,2014.2,1974.85,1993.24,2012.93 x 1000,2013.55 x 1000,4593670
411,27-9-2018  13:56:3,2014.3503,1974.85,1993.2365,2013.7700 x 1000,2014.4200 x 1000,4593670
412,27-9-2018  13:56:32,2014.7,1974.85,1993.2365,2014.5000 x 1000,2014.4200 x 1000,4593670
413,27-9-2018  13:57:1,2014.7195,1974.85,1993.2365,2014.5000 x 1000,2014.6700 x 1000,4593670
414,27-9-2018  13:57:29,2014.85,1974.85,1993.2365,2013.0800 x 1000,2013.2800 x 1000,4593670
415,27-9-2018  13:57:58,2014.99,1974.85,1993.24,2013.08 x 1000,2013.28 x 1000,4593670
416,27-9-2018  13:58:28,2015,1974.85,1993.24,2012.80 x 1000,2013.71 x 1000,4593670
417,27-9-2018  13:58:57,2014.9,1974.85,1993.24,2012.80 x 1000,2013.71 x 1000,4593670
418,27-9-2018  13:59:26,2014.5,1974.85,1993.24,2013.50 x 1000,2013.74 x 1000,4593670
419,27-9-2018  13:59:55,2014.3557,1974.85,1993.2365,2013.6000 x 1000,2013.7400 x 1000,4593670
420,27-9-2018  14:0:24,2014.965,1974.85,1993.2365,2013.0200 x 1000,2014.2300 x 1000,4593670
421,27-9-2018  14:0:53,2015.07,1974.85,1993.24,2013.02 x 1000,2013.08 x 1000,4593670
422,27-9-2018  14:1:21,2014.81,1974.85,1993.24,2013.02 x 1000,2013.08 x 1000,4593670
423,27-9-2018  14:1:50,2015.4094,1974.85,1993.2365,2012.6000 x 1000,2013.2500 x 1000,4593670
424,27-9-2018  14:2:19,2015.5,1974.85,1993.24,2012.95 x 1000,2013.25 x 1000,4593670
425,27-9-2018  14:2:48,2015.24,1974.85,1993.24,2013.45 x 1000,2013.44 x 1000,4593670
426,27-9-2018  14:3:17,2015.6,1974.85,1993.24,2013.45 x 1000,2013.44 x 1000,4593670
427,27-9-2018  14:3:45,2015.63,1974.85,1993.2365,2013.63 x 1000,2014.11 x 1000,4593670
428,27-9-2018  14:4:14,2015.16,1974.85,1993.24,2013.63 x 1000,2014.35 x 1000,4593670
429,27-9-2018  14:4:42,2015.35,1974.85,1993.24,2014.26 x 1000,2014.35 x 1000,4593670
430,27-9-2018  14:5:11,2013.7,1974.85,1993.24,2014.19 x 1000,2014.69 x 1000,4593670
431,27-9-2018  14:5:40,2013.63,1974.85,1993.24,2014.19 x 1000,2014.64 x 1000,4593670
432,27-9-2018  14:6:9,2012.359,1974.85,1993.236,2014.060 x 1000,2014.640 x 1000,4593670
433,27-9-2018  14:6:38,2012.245,1974.85,1993.236,2014.060 x 1000,2014.270 x 1000,4593670
434,27-9-2018  14:7:7,2013.28,1974.85,1993.24,2013.50 x 1000,2014.17 x 1000,4593670
435,27-9-2018  14:7:36,2014.26,1974.85,1993.24,2013.50 x 1000,2014.17 x 1000,4593670
436,27-9-2018  14:8:4,2014.29,1974.85,1993.24,2013.74 x 1000,2014.21 x 1000,4593670
437,27-9-2018  14:8:34,2014,1974.85,1993.24,2014.35 x 1000,2014.69 x 1000,4593670
438,27-9-2018  14:9:3,2014.61,1974.85,1993.24,2014.35 x 1000,2014.69 x 1000,4593670
439,27-9-2018  14:9:32,2014.492,1974.85,1993.236,2014.700 x 1000,2014.970 x 1000,4593670
440,27-9-2018  14:10:1,2014.31,1974.85,1993.24,2014.60 x 1000,2014.99 x 1000,4593670
441,27-9-2018  14:10:30,2014.99,1974.85,1993.24,2014.60 x 1000,2014.99 x 1000,4593670
442,27-9-2018  14:10:59,2014.86,1974.85,1993.24,2013.90 x 1000,2014.37 x 1000,4593670
443,27-9-2018  14:11:28,2014.47,1974.85,1993.24,2013.900 x 1000,2014.370 x 1000,4593670
444,27-9-2018  14:11:57,2014.64,1974.85,1993.24,2014.38 x 1000,2014.81 x 1000,4593670
445,27-9-2018  14:12:26,2014.25,1974.85,1993.24,2014.54 x 1000,2014.81 x 1000,4593670
446,27-9-2018  14:12:55,2013.91,1974.85,1993.2365,2014.5400 x 1000,2015.0000 x 1000,4593670
447,27-9-2018  14:13:24,2013.53,1974.85,1993.24,2014.57 x 1000,2014.97 x 1000,4593670
448,27-9-2018  14:13:53,2013.78,1974.85,1993.236,2014.850 x 1000,2014.970 x 1000,4593670
449,27-9-2018  14:14:23,2013.88,1974.85,1993.24,2014.85 x 1000,2015.09 x 1000,4593670
450,27-9-2018  14:14:52,2013.69,1974.85,1993.24,2014.03 x 1000,2015.09 x 1000,4593670
451,27-9-2018  14:15:20,2013.69,1974.85,1993.236,2014.070 x 1000,2014.420 x 1000,4593670
452,27-9-2018  14:15:49,2014,1974.85,1993.24,2014.07 x 1000,2015.37 x 1000,4593670
453,27-9-2018  14:16:19,2013.72,1974.85,1993.24,2014.83 x 1000,2015.37 x 1000,4593670
454,27-9-2018  14:16:48,2014.25,1974.85,1993.24,2014.83 x 1000,2015.12 x 1000,4593670
455,27-9-2018  14:17:17,2014.18,1974.85,1993.24,2014.73 x 1000,2015.49 x 1000,4593670
456,27-9-2018  14:17:46,2013.97,1974.85,1993.24,2015.50 x 1000,2015.49 x 1000,4593670
457,27-9-2018  14:18:15,2013.7086,1974.85,1993.2365,2015.5000 x 1000,2015.4800 x 1000,4593670
458,27-9-2018  14:18:44,2013.25,1974.85,1993.24,2015.12 x 1000,2015.48 x 1000,4593670
459,27-9-2018  14:19:12,2013.25,1974.85,1993.24,2015.16 x 1000,2015.84 x 1000,4593670
460,27-9-2018  14:19:41,2014.5,1974.85,1993.24,2015.16 x 1000,2015.94 x 1000,4593670
461,27-9-2018  14:20:10,2014.23,1974.85,1993.2365,2015.40 x 1000,2015.94 x 1000,4593670
462,27-9-2018  14:20:39,2014.55,1974.85,1993.2365,2015.4000 x 1000,2014.2200 x 1000,4593670
463,27-9-2018  14:21:8,2014.55,1974.85,1993.24,2013.40 x 1000,2014.22 x 1000,4593670
464,27-9-2018  14:21:36,2014.61,1974.85,1993.236,2012.320 x 1000,2012.550 x 1000,4593670
465,27-9-2018  14:22:5,2013.8678,1974.85,1993.2365,2012.3199 x 1000,2013.2600 x 1000,4593670
466,27-9-2018  14:22:35,2014,1974.85,1993.2365,2013.1200 x 1000,2013.2600 x 1000,4593670
467,27-9-2018  14:23:4,2014.5,1974.85,1993.24,2013.12 x 1000,2014.28 x 1000,4593670
468,27-9-2018  14:23:33,2014.5001,1974.85,1993.2365,2013.5000 x 1000,2014.1500 x 1000,4593670
469,27-9-2018  14:24:2,2014.89,1974.85,1993.24,2013.84 x 1000,2014.15 x 1000,4593670
470,27-9-2018  14:24:30,2014.31,1974.85,1993.24,2013.84 x 1000,2014.69 x 1000,4593670
471,27-9-2018  14:24:59,2014.2599,1974.85,1993.2365,2014.2900 x 1000,2014.6899 x 1000,4593670
472,27-9-2018  14:25:28,2014.47,1974.85,1993.24,2014.29 x 1000,2014.83 x 1000,4593670
473,27-9-2018  14:25:57,2014.25,1974.85,1993.24,2014.70 x 1000,2014.83 x 1000,4593670
474,27-9-2018  14:26:26,2014.6,1974.85,1993.24,2014.70 x 1000,2014.99 x 1000,4593670
475,27-9-2018  14:26:54,2014.6,1974.85,1993.2365,2014.1500 x 1000,2014.9900 x 1000,4593670
476,27-9-2018  14:27:23,2013.405,1974.85,1993.2365,2014.3199 x 1000,2014.9900 x 1000,4593670
477,27-9-2018  14:27:52,2013.1,1974.85,1993.2365,2013.8500 x 1000,2014.5400 x 1000,4593670
478,27-9-2018  14:28:21,2013.16,1974.85,1993.24,2013.85 x 1000,2014.54 x 1000,4593670
479,27-9-2018  14:28:50,2013.42,1974.85,1993.24,2013.39 x 1000,2013.70 x 1000,4593670
480,27-9-2018  14:29:19,2013.33,1974.85,1993.24,2013.390 x 1000,2013.630 x 1000,4593670
481,27-9-2018  14:29:48,2013.61,1974.85,1993.24,2013.39 x 1000,2013.63 x 1000,4593670
482,27-9-2018  14:30:17,2013.882,1974.85,1993.2365,2013.5800 x 1000,2013.9800 x 1000,4593670
483,27-9-2018  14:30:46,2013.882,1974.85,1993.2365,2013.58 x 1000,2014.15 x 1000,4593670
484,27-9-2018  14:31:15,2013.1,1974.85,1993.2365,2013.6700 x 1000,2014.1500 x 1000,4593670
485,27-9-2018  14:31:44,2013.42,1974.85,1993.24,2013.74 x 1000,2013.99 x 1000,4593670
486,27-9-2018  14:32:13,2012.89,1974.85,1993.24,2013.74 x 1000,2013.99 x 1000,4593670
487,27-9-2018  14:32:42,2012.1407,1974.85,1993.2365,2013.66 x 1000,2014.38 x 1000,4593670
488,27-9-2018  14:33:12,2012.77,1974.85,1993.24,2013.66 x 1000,2014.38 x 1000,4593670
489,27-9-2018  14:33:41,2012.08,1974.85,1993.24,2013.61 x 1000,2013.99 x 1000,4593670
490,27-9-2018  14:34:10,2012.5088,1974.85,1993.2365,2013.42 x 1000,2013.71 x 1000,4593670
491,27-9-2018  14:34:39,2011.85,1974.85,1993.24,2013.42 x 1000,2013.71 x 1000,4593670
492,27-9-2018  14:35:8,2011.575,1974.85,1993.236,2014.260 x 1000,2014.540 x 1000,4593670
493,27-9-2018  14:35:37,2011.0101,1974.85,1993.2365,2014.2600 x 1000,2014.8800 x 1000,4593670
494,27-9-2018  14:36:6,2011.3,1974.85,1993.24,2014.48 x 1000,2014.88 x 1000,4593670
495,27-9-2018  14:36:35,2009.56,1974.85,1993.236,2014.480 x 1000,2014.600 x 1000,4593670
496,27-9-2018  14:37:4,2008.61,1974.85,1993.24,2014.27 x 1000,2014.24 x 1000,4593670
497,27-9-2018  14:37:32,2009.6274,1974.85,1993.2365,2013.9100 x 1000,2014.2400 x 1000,4593670
498,27-9-2018  14:38:1,2009.33,1974.85,1993.24,2013.9100 x 1000,2014.2400 x 1000,4593670
499,27-9-2018  14:38:30,2009.02,1974.85,1993.24,2014.38 x 1000,2014.88 x 1000,4593670
500,27-9-2018  14:39:0,2009.42,1974.85,1993.24,2014.38 x 1000,2014.88 x 1000,4593670
501,27-9-2018  14:39:28,2010.01,1974.85,1993.2365,2014.2500 x 1000,2014.4700 x 1000,4593670
502,27-9-2018  14:39:57,2010.4042,1974.85,1993.2365,2014.1600 x 1000,2014.4700 x 1000,4593670
503,27-9-2018  14:40:25,2010.435,1974.85,1993.236,2014.160 x 1000,2014.480 x 1000,4593670
504,27-9-2018  14:40:54,2010.6133,1974.85,1993.2365,2014.3500 x 1000,2014.4800 x 1000,4593670
505,27-9-2018  14:41:24,2011,1974.85,1993.24,2014.13 x 1000,2014.80 x 1000,4593670
506,27-9-2018  14:41:52,2011.0737,1974.85,1993.2365,2014.1300 x 1000,2014.4700 x 1000,4593670
507,27-9-2018  14:42:21,2010.85,1974.85,1993.236,2013.530 x 1000,2014.470 x 1000,4593670
508,27-9-2018  14:42:50,2010.21,1974.85,1993.236,2013.530 x 1000,2014.470 x 1000,4593670
509,27-9-2018  14:43:19,2009.45,1974.85,1993.24,2012.72 x 1000,2013.30 x 1000,4593670
510,27-9-2018  14:43:48,2009.3199,1974.85,1993.2365,2012.9000 x 1000,2013.4399 x 1000,4593670
511,27-9-2018  14:44:18,2008.78,1974.85,1993.24,2012.90 x 1000,2013.67 x 1000,4593670
512,27-9-2018  14:44:47,2008.55,1974.85,1993.24,2013.02 x 1000,2013.67 x 1000,4593670
513,27-9-2018  14:45:16,2008.8025,1974.85,1993.2365,2013.5601 x 1000,2014.2200 x 1000,4593670
514,27-9-2018  14:45:45,2009.06,1974.85,1993.24,2013.56 x 1000,2013.71 x 1000,4593670
515,27-9-2018  14:46:14,2008.72,1974.85,1993.24,2012.90 x 1000,2013.71 x 1000,4593670
516,27-9-2018  14:46:43,2008.77,1974.85,1993.24,2013.01 x 1000,2013.71 x 1000,4593670
517,27-9-2018  14:47:13,2008.91,1974.85,1993.24,2013.01 x 1000,2013.57 x 1000,4593670
518,27-9-2018  14:47:41,2008.82,1974.85,1993.24,2013.01 x 1000,2012.58 x 1000,4593670
519,27-9-2018  14:48:11,2008.864,1974.85,1993.2365,2012.0500 x 1000,2013.3199 x 1000,4593670
520,27-9-2018  14:48:39,2008.2595,1974.85,1993.2365,2012.5000 x 1000,2013.3199 x 1000,4593670
521,27-9-2018  14:49:8,2007.35,1974.85,1993.24,2012.19 x 1000,2012.18 x 1000,4593670
522,27-9-2018  14:49:37,2008,1974.85,1993.2365,2012.1899 x 1000,2012.1801 x 1000,4593670
523,27-9-2018  14:50:6,2008.58,1974.85,1993.2365,2011.7100 x 1000,2012.0800 x 1000,4593670
524,27-9-2018  14:50:35,2008.42,1974.85,1993.24,2011.71 x 1000,2011.18 x 1000,4593670
525,27-9-2018  14:51:4,2008.995,1974.85,1993.2365,2011.3400 x 1000,2011.1801 x 1000,4593670
526,27-9-2018  14:51:33,2008.56,1974.85,1993.24,2011.34 x 1000,2011.49 x 1000,4593670
527,27-9-2018  14:52:3,2008.57,1974.85,1993.24,2009.35 x 1000,2008.94 x 1000,4593670
528,27-9-2018  14:52:31,2008.44,1974.85,1993.24,2008.36 x 1000,2008.94 x 1000,4593670
529,27-9-2018  14:53:0,2010,1974.85,1993.24,2008.360 x 1000,2009.490 x 1000,4593670
530,27-9-2018  14:53:29,2010.27,1974.85,1993.24,2009.16 x 1000,2009.49 x 1000,4593670
531,27-9-2018  14:53:57,2010.57,1974.85,1993.24,2009.16 x 1000,2009.43 x 1000,4593670
532,27-9-2018  14:54:26,2011.25,1974.85,1993.2365,2009.12 x 1000,2010.25 x 1000,4593670
533,27-9-2018  14:54:55,2012.155,1974.85,1993.236,2010.020 x 1000,2010.250 x 1000,4593670
534,27-9-2018  14:55:24,2012.2094,1974.85,1993.2365,2010.0200 x 1000,2010.2500 x 1000,4593670
535,27-9-2018  14:55:54,2012.97,1974.85,1993.24,2010.18 x 900,2010.76 x 1000,4593670
536,27-9-2018  14:56:23,2012.465,1974.85,1993.236,2010.500 x 900,2010.760 x 1000,4593670
537,27-9-2018  14:56:52,2012.16,1974.85,1993.24,2010.50 x 900,2010.76 x 1000,4593670
538,27-9-2018  14:57:21,2011.27,1974.85,1993.24,2011.01 x 900,2011.08 x 1000,4593670
539,27-9-2018  14:57:50,2011.601,1974.85,1993.236,2011.010 x 900,2010.950 x 1000,4593670
540,27-9-2018  14:58:19,2011.15,1974.85,1993.2365,2009.7000 x 900,2010.9500 x 1000,4593670
541,27-9-2018  14:58:48,2010.93,1974.85,1993.24,2009.70 x 900,2009.75 x 1000,4593670
542,27-9-2018  14:59:17,2010.94,1974.85,1993.24,2008.79 x 900,2009.59 x 1000,4593670
543,27-9-2018  14:59:46,2011.79,1974.85,1993.24,2008.51 x 900,2009.59 x 1000,4593670
544,27-9-2018  15:0:16,2012.795,1974.85,1993.236,2008.510 x 900,2009.590 x 1000,4593670
545,27-9-2018  15:0:45,2013.57,1974.85,1993.24,2008.57 x 900,2009.53 x 1000,4593670
546,27-9-2018  15:1:14,2013.4613,1974.85,1993.2365,2008.5699 x 900,2009.5300 x 1000,4593670
547,27-9-2018  15:1:43,2013.59,1974.85,1993.24,2008.37 x 900,2008.99 x 1000,4593670
548,27-9-2018  15:2:12,2013.4,1974.85,1993.2365,2008.6100 x 900,2008.9900 x 1000,4593670
549,27-9-2018  15:2:41,2013.32,1974.85,1993.24,2008.61 x 900,2008.99 x 1000,4593670
550,27-9-2018  15:3:10,2013.36,1974.85,1993.236,2008.69 x 900,2008.98 x 1000,4593670
551,27-9-2018  15:3:38,2013.85,1974.85,1993.2365,2008.3800 x 900,2008.9800 x 1000,4593670
552,27-9-2018  15:4:7,2013.35,1974.85,1993.2365,2008.3800 x 900,2008.1600 x 1000,4593670
553,27-9-2018  15:4:36,2014.0095,1974.85,1993.2365,2007.31 x 900,2008.16 x 1000,4593670
554,27-9-2018  15:5:5,2013.77,1974.85,1993.2365,2008.2100 x 900,2008.5000 x 1000,4593670
555,27-9-2018  15:5:34,2014.29,1974.85,1993.24,2008.2100 x 900,2008.7100 x 1000,4593670
556,27-9-2018  15:6:2,2013.84,1974.85,1993.2365,2008.6600 x 900,2008.7100 x 1000,4593670
557,27-9-2018  15:6:31,2014,1974.85,1993.2365,2008.6600 x 900,2008.9600 x 1000,4593670
558,27-9-2018  15:7:0,2014.435,1974.85,1993.236,2008.750 x 900,2008.960 x 1000,4593670
559,27-9-2018  15:7:30,2014.5649,1974.85,1993.2365,2008.7500 x 900,2008.9800 x 1000,4593670
560,27-9-2018  15:7:59,2014.24,1974.85,1993.24,2008.25 x 900,2008.98 x 1000,4593670
561,27-9-2018  15:8:28,2012.1,1974.85,1993.24,2009.9200 x 900,2010.0000 x 1000,4593670
562,27-9-2018  15:8:57,2012.6481,1974.85,1993.2365,2009.9200 x 900,2010.7500 x 1000,4593670
563,27-9-2018  15:9:26,2011.82,1974.85,1993.24,2009.92 x 900,2010.75 x 1000,4593670
564,27-9-2018  15:9:55,2011.03,1974.85,1993.236,2011.550 x 900,2011.230 x 1000,4593670
565,27-9-2018  15:10:24,2010.7,1974.85,1993.24,2011.55 x 900,2012.40 x 1000,4593670
566,27-9-2018  15:10:53,2011.775,1974.85,1993.236,2012.190 x 900,2012.400 x 1000,4593670
567,27-9-2018  15:11:22,2011.98,1974.85,1993.24,2012.19 x 900,2012.84 x 1000,4593670
568,27-9-2018  15:11:51,2011.8596,1974.85,1993.2365,2012.1300 x 900,2012.8400 x 1000,4593670
569,27-9-2018  15:12:19,2012.34,1974.85,1993.24,2012.13 x 900,2012.56 x 1000,4593670
570,27-9-2018  15:12:49,2012.19,1974.85,1993.24,2011.16 x 900,2012.56 x 1000,4593670
571,27-9-2018  15:13:18,2012.3235,1974.85,1993.2365,2011.0900 x 900,2011.9600 x 1000,4593670
572,27-9-2018  15:13:47,2011.5,1974.85,1993.24,2011.09 x 900,2011.78 x 1000,4593670
573,27-9-2018  15:14:16,2011.7,1974.85,1993.236,2010.940 x 900,2011.530 x 1000,4593670
574,27-9-2018  15:14:45,2012.29,1974.85,1993.24,2011.0100 x 900,2011.5300 x 1000,4593670
575,27-9-2018  15:15:14,2012,1974.85,1993.24,2011.01 x 900,2012.43 x 1000,4593670
576,27-9-2018  15:15:43,2012.04,1974.85,1993.24,2012.50 x 900,2012.43 x 1000,4593670
577,27-9-2018  15:16:11,2012.4,1974.85,1993.2365,2012.5000 x 900,2013.6899 x 1000,4593670
578,27-9-2018  15:16:40,2012,1974.85,1993.24,2013.16 x 900,2013.49 x 1000,4593670
579,27-9-2018  15:17:9,2012.05,1974.85,1993.24,2013.50 x 900,2013.49 x 1000,4593670
580,27-9-2018  15:17:39,2013,1974.85,1993.24,2013.50 x 900,2013.50 x 1000,4593670
581,27-9-2018  15:18:8,2012.95,1974.85,1993.24,2013.16 x 900,2013.88 x 1000,4593670
582,27-9-2018  15:18:37,2012.5601,1974.85,1993.2365,2013.1600 x 900,2013.8800 x 1000,4593670
583,27-9-2018  15:19:6,2012.63,1974.85,1993.24,2013.36 x 900,2013.75 x 1000,4593670
584,27-9-2018  15:19:35,2012.55,1974.85,1993.24,2013.36 x 900,2014.43 x 1000,4593670
585,27-9-2018  15:20:4,2012.58,1974.85,1993.24,2013.36 x 900,2014.43 x 1000,4593670
586,27-9-2018  15:20:33,2012.73,1974.85,1993.24,2013.55 x 900,2014.10 x 1000,4593670
587,27-9-2018  15:21:2,2012.2354,1974.85,1993.2365,2013.5500 x 900,2014.1000 x 1000,4593670
588,27-9-2018  15:21:31,2011.1899,1974.85,1993.2365,2013.7100 x 900,2014.1200 x 1000,4593670
589,27-9-2018  15:22:0,2011.13,1974.85,1993.236,2013.790 x 900,2014.430 x 1000,4593670
590,27-9-2018  15:22:29,2010.92,1974.85,1993.2365,2013.7900 x 900,2014.4301 x 1000,4593670
591,27-9-2018  15:22:58,2009.79,1974.85,1993.24,2014.11 x 900,2014.52 x 1000,4593670
592,27-9-2018  15:23:26,2010.8124,1974.85,1993.2365,2013.0900 x 900,2014.5200 x 1000,4593670
593,27-9-2018  15:23:55,2010.28,1974.85,1993.24,2013.09 x 900,2013.00 x 1000,4593670
594,27-9-2018  15:24:24,2010.12,1974.85,1993.24,2012.60 x 900,2012.97 x 1000,4593670
595,27-9-2018  15:24:53,2009.45,1974.85,1993.24,2012.60 x 900,2012.97 x 1000,4593670
596,27-9-2018  15:25:22,2009.71,1974.85,1993.2365,2010.8500 x 900,2011.2300 x 1000,4593670
597,27-9-2018  15:25:51,2010.96,1974.85,1993.2365,2011.3700 x 900,2011.2300 x 1000,4593670
598,27-9-2018  15:26:20,2010.1241,1974.85,1993.2365,2011.3700 x 900,2012.1500 x 1000,4593670
599,27-9-2018  15:26:49,2009.86,1974.85,1993.24,2011.50 x 900,2012.24 x 1000,4593670
600,27-9-2018  15:27:18,2010.98,1974.85,1993.24,2011.50 x 900,2012.24 x 1000,4593670
601,27-9-2018  15:27:46,2011.33,1974.85,1993.24,2012.04 x 900,2012.34 x 1000,4593670
602,27-9-2018  15:28:16,2010.84,1974.85,1993.2365,2012.0100 x 900,2012.9200 x 1000,4593670
603,27-9-2018  15:28:44,2010.76,1974.85,1993.24,2011.73 x 900,2012.92 x 1000,4593670
604,27-9-2018  15:29:13,2011.495,1974.85,1993.2365,2011.7300 x 900,2012.9200 x 1000,4593670
605,27-9-2018  15:29:43,2010.6599,1974.85,1993.2365,2011.3000 x 900,2012.0200 x 1000,4593670
606,27-9-2018  15:30:12,2011.5,1974.85,1993.24,2011.30 x 900,2012.03 x 1000,4593670
607,27-9-2018  15:30:41,2011.3577,1974.85,1993.2365,2011.7000 x 900,2012.0300 x 1000,4593670
608,27-9-2018  15:31:9,2011.4,1974.85,1993.24,2011.70 x 900,2012.64 x 1000,4593670
609,27-9-2018  15:31:38,2012.18,1974.85,1993.24,2011.81 x 900,2012.64 x 1000,4593670
610,27-9-2018  15:32:7,2011.96,1974.85,1993.24,2011.81 x 900,2012.35 x 1000,4593670
611,27-9-2018  15:32:35,2012,1974.85,1993.2365,2011.7200 x 900,2012.4600 x 1000,4593670
612,27-9-2018  15:33:4,2011.72,1974.85,1993.236,2012.630 x 900,2013.490 x 1000,4593670
613,27-9-2018  15:33:33,2012.435,1974.85,1993.236,2012.850 x 900,2013.490 x 1000,4593670
614,27-9-2018  15:34:2,2012.8,1974.85,1993.24,2012.85 x 900,2013.49 x 1000,4593670
615,27-9-2018  15:34:30,2012.75,1974.85,1993.24,2012.8500 x 900,2013.3199 x 1000,4593670
616,27-9-2018  15:34:59,2012.76,1974.85,1993.24,2012.60 x 900,2013.32 x 1000,4593670
617,27-9-2018  15:35:29,2011.65,1974.85,1993.24,2012.64 x 900,2012.58 x 1000,4593670
618,27-9-2018  15:35:57,2011.57,1974.85,1993.24,2012.30 x 900,2013.20 x 1000,4593670
619,27-9-2018  15:36:26,2010.73,1974.85,1993.24,2012.30 x 900,2012.03 x 1000,4593670
620,27-9-2018  15:36:55,2011.26,1974.85,1993.24,2011.10 x 900,2012.03 x 1000,4593670
621,27-9-2018  15:37:24,2010.7,1974.85,1993.24,2011.10 x 900,2011.05 x 1000,4593670
622,27-9-2018  15:37:53,2010.81,1974.85,1993.24,2010.46 x 900,2010.52 x 1000,4593670
623,27-9-2018  15:38:22,2011.25,1974.85,1993.24,2010.31 x 900,2010.52 x 1000,4593670
624,27-9-2018  15:38:51,2010.84,1974.85,1993.24,2010.31 x 900,2011.10 x 1000,4593670
625,27-9-2018  15:39:20,2011.3,1974.85,1993.24,2010.07 x 900,2011.10 x 1000,4593670
626,27-9-2018  15:39:49,2010.42,1974.85,1993.24,2010.07 x 900,2010.63 x 1000,4593670
627,27-9-2018  15:40:18,2010.5631,1974.85,1993.2365,2010.0000 x 900,2009.6100 x 1000,4593670
628,27-9-2018  15:40:46,2010.3,1974.85,1993.24,2009.12 x 900,2009.61 x 1000,4593670
629,27-9-2018  15:41:15,2011.69,1974.85,1993.24,2009.12 x 900,2010.56 x 1000,4593670
630,27-9-2018  15:41:43,2012.64,1974.85,1993.24,2009.95 x 900,2010.56 x 1000,4593670
631,27-9-2018  15:42:12,2012.04,1974.85,1993.236,2009.950 x 900,2010.300 x 1000,4593670
632,27-9-2018  15:42:40,2012.2,1974.85,1993.24,2010.72 x 900,2010.99 x 1000,4593670
633,27-9-2018  15:43:9,2012.725,1974.85,1993.236,2010.720 x 900,2010.990 x 1000,4593670
634,27-9-2018  15:43:38,2011.63,1974.85,1993.24,2010.56 x 900,2011.57 x 1000,4593670
635,27-9-2018  15:44:6,2011.3304,1974.85,1993.2365,2011.0000 x 900,2011.3300 x 1000,4593670
636,27-9-2018  15:44:36,2011.8,1974.85,1993.2365,2011.0000 x 900,2011.3300 x 1000,4593670
637,27-9-2018  15:45:5,2012.37,1974.85,1993.2365,2010.5000 x 900,2010.9900 x 1000,4593670
638,27-9-2018  15:45:33,2012.19,1974.85,1993.24,2010.50 x 900,2010.99 x 1000,4593670
639,27-9-2018  15:46:2,2012.5541,1974.85,1993.2365,2010.9100 x 900,2011.4399 x 1000,4593670
640,27-9-2018  15:46:31,2013.31,1974.85,1993.236,2011.660 x 900,2011.990 x 1000,4593670
641,27-9-2018  15:46:59,2013.31,1974.85,1993.24,2011.66 x 900,2011.99 x 1000,4593670
642,27-9-2018  15:47:28,2013.35,1974.85,1993.24,2011.20 x 900,2011.81 x 1000,4593670
643,27-9-2018  15:47:57,2013.25,1974.85,1993.24,2011.20 x 900,2011.81 x 1000,4593670
644,27-9-2018  15:48:26,2012.675,1974.85,1993.2365,2011.3600 x 900,2012.0000 x 1000,4593670
645,27-9-2018  15:48:55,2012.2,1974.85,1993.24,2011.99 x 900,2012.50 x 1000,4593670
646,27-9-2018  15:49:23,2011.17,1974.85,1993.24,2011.99 x 900,2012.50 x 1000,4593670
647,27-9-2018  15:49:52,2012.37,1974.85,1993.24,2012.82 x 900,2012.98 x 1000,4593670
648,27-9-2018  15:50:21,2012.27,1974.85,1993.24,2011.98 x 900,2012.59 x 1000,4593670
649,27-9-2018  15:50:49,2012.71,1974.85,1993.24,2011.98 x 900,2012.59 x 1000,4593670
650,27-9-2018  15:51:19,2013.51,1974.85,1993.24,2011.38 x 900,2011.97 x 1000,4593670
651,27-9-2018  15:51:47,2012.56,1974.85,1993.24,2011.38 x 900,2011.97 x 1000,4593670
652,27-9-2018  15:52:17,2012.51,1974.85,1993.24,2010.85 x 900,2010.97 x 1000,4593670
653,27-9-2018  15:52:46,2012.859,1974.85,1993.236,2010.850 x 900,2010.970 x 1000,4593670
654,27-9-2018  15:53:15,2013.17,1974.85,1993.24,2010.50 x 900,2011.72 x 1000,4593670
655,27-9-2018  15:53:44,2013.1801,1974.85,1993.2365,2010.5000 x 900,2011.7700 x 1000,4593670
656,27-9-2018  15:54:12,2013.49,1974.85,1993.24,2010.99 x 900,2011.30 x 1000,4593670
657,27-9-2018  15:54:41,2014.38,1974.85,1993.24,2010.59 x 900,2011.30 x 1000,4593670
658,27-9-2018  15:55:10,2014.8999,1974.85,1993.2365,2010.4200 x 900,2010.8000 x 1000,4593670
659,27-9-2018  15:55:39,2014.9,1974.85,1993.24,2010.42 x 900,2010.80 x 1000,4593670
660,27-9-2018  15:56:8,2014.13,1974.85,1993.24,2010.71 x 900,2010.69 x 1000,4593670
661,27-9-2018  15:56:37,2014.97,1974.85,1993.24,2010.71 x 900,2012.59 x 1000,4593670
662,27-9-2018  15:57:6,2015.13,1974.85,1993.24,2012.49 x 900,2012.59 x 1000,4593670
663,27-9-2018  15:57:35,2015.6174,1974.85,1993.2365,2012.4900 x 900,2012.2900 x 1000,4593670
664,27-9-2018  15:58:4,2015.41,1974.85,1993.24,2011.68 x 900,2012.29 x 1000,4593670
665,27-9-2018  15:58:32,2014.22,1974.85,1993.24,2012.29 x 900,2012.28 x 1000,4593670
666,27-9-2018  15:59:1,2013.24,1974.85,1993.24,2012.29 x 900,2011.82 x 1000,4593670
667,27-9-2018  15:59:30,2012.98,1974.85,1993.24,2011.45 x 900,2011.82 x 1000,4593670
