,time,Main Price,Prev Close,Open,Bid,Ask,Volume
1,27-9-2018  10:39:40,169.84,166.95,167.55,169.70 x 1100,169.68 x 1000,26350440
2,27-9-2018  10:40:9,169.88,166.95,167.55,169.700 x 1100,169.680 x 1000,26350440
3,27-9-2018  10:40:38,169.76,166.95,167.55,169.70 x 1100,169.72 x 1000,26350440
4,27-9-2018  10:41:7,169.84,166.95,167.55,169.80 x 1200,169.84 x 1000,26350440
5,27-9-2018  10:41:35,169.88,166.95,167.55,169.790 x 1200,169.840 x 1000,26350440
6,27-9-2018  10:42:4,169.84,166.95,167.55,169.7900 x 1200,169.7700 x 1000,26350440
7,27-9-2018  10:42:33,169.92,166.95,167.55,169.81 x 1200,169.84 x 1000,26350440
8,27-9-2018  10:43:2,169.94,166.95,167.55,169.81 x 1200,169.84 x 1000,26350440
9,27-9-2018  10:43:30,169.94,166.95,167.55,169.84 x 1200,169.87 x 1000,26350440
10,27-9-2018  10:43:59,169.83,166.95,167.55,169.80 x 1200,169.75 x 1000,26350440
11,27-9-2018  10:44:28,169.67,166.95,167.55,169.800 x 1200,169.750 x 1000,26350440
12,27-9-2018  10:44:57,169.7,166.95,167.55,169.72 x 1200,169.71 x 1000,26350440
13,27-9-2018  10:45:26,169.67,166.95,167.55,169.72 x 1200,169.71 x 1000,26350440
14,27-9-2018  10:45:56,169.6877,166.95,167.55,169.78 x 1200,169.81 x 1000,26350440
15,27-9-2018  10:46:24,169.76,166.95,167.55,169.80 x 1200,169.82 x 1000,26350440
16,27-9-2018  10:46:53,169.72,166.95,167.55,169.8000 x 1200,169.8200 x 1000,26350440
17,27-9-2018  10:47:21,169.83,166.95,167.55,169.82 x 1200,169.83 x 1000,26350440
18,27-9-2018  10:47:51,169.86,166.95,167.55,169.5300 x 1200,169.8300 x 1000,26350440
19,27-9-2018  10:48:20,169.8301,166.95,167.55,169.5300 x 1200,169.5800 x 1000,26350440
20,27-9-2018  10:48:49,169.87,166.95,167.55,169.52 x 1200,169.50 x 1000,26350440
21,27-9-2018  10:49:18,169.92,166.95,167.55,169.56 x 1200,169.50 x 1000,26350440
22,27-9-2018  10:49:47,169.94,166.95,167.55,169.5600 x 1200,169.5600 x 1000,26350440
23,27-9-2018  10:50:16,169.94,166.95,167.55,169.70 x 1200,169.70 x 1000,26350440
24,27-9-2018  10:50:45,170,166.95,167.55,169.7000 x 1200,169.7000 x 1000,26350440
25,27-9-2018  10:51:14,169.89,166.95,167.55,169.60 x 1200,169.65 x 1000,26350440
26,27-9-2018  10:51:43,169.96,166.95,167.55,169.7900 x 1200,169.8200 x 1000,26350440
27,27-9-2018  10:52:11,169.97,166.95,167.55,169.79 x 1200,169.82 x 1000,26350440
28,27-9-2018  10:52:40,170.02,166.95,167.55,169.94 x 1200,169.95 x 1000,26350440
29,27-9-2018  10:53:9,170.08,166.95,167.55,169.9400 x 1200,169.9500 x 1000,26350440
30,27-9-2018  10:53:38,170.09,166.95,167.55,169.94 x 1200,169.94 x 1000,26350440
31,27-9-2018  10:54:6,170.1,166.95,167.55,169.94 x 1200,169.94 x 1000,26350440
32,27-9-2018  10:54:34,170.08,166.95,167.55,169.88 x 1200,169.89 x 1000,26350440
33,27-9-2018  10:55:2,170.1122,166.95,167.55,169.88 x 1200,169.90 x 1000,26350440
34,27-9-2018  10:55:31,170.08,166.95,167.55,169.88 x 1200,169.90 x 1000,26350440
35,27-9-2018  10:55:59,170.11,166.95,167.55,169.76 x 1200,169.77 x 1000,26350440
36,27-9-2018  10:56:27,170.212,166.95,167.55,169.76 x 1200,169.77 x 1000,26350440
37,27-9-2018  10:56:56,170.27,166.95,167.55,169.79 x 1200,169.81 x 1000,26350440
38,27-9-2018  10:57:24,170.29,166.95,167.55,169.85 x 1200,169.84 x 1000,26350440
39,27-9-2018  10:57:53,170.26,166.95,167.55,169.85 x 1200,169.84 x 1000,26350440
40,27-9-2018  10:58:22,170.202,166.95,167.55,169.9300 x 1200,169.9500 x 1000,26350440
41,27-9-2018  10:58:50,170.18,166.95,167.55,169.9300 x 1200,169.9500 x 1000,26350440
42,27-9-2018  10:59:19,170.2204,166.95,167.55,169.8800 x 1200,169.8900 x 1000,26350440
43,27-9-2018  10:59:47,170.29,166.95,167.55,169.65 x 1200,169.69 x 1000,26350440
44,27-9-2018  11:0:15,170.26,166.95,167.55,169.65 x 1200,169.69 x 1000,26350440
45,27-9-2018  11:0:44,170.3,166.95,167.55,169.59 x 1200,169.61 x 1400,26350440
46,27-9-2018  11:1:12,170.3,166.95,167.55,169.71 x 1000,169.71 x 1400,26350440
47,27-9-2018  11:1:40,170.29,166.95,167.55,169.71 x 1000,169.71 x 1400,26350440
48,27-9-2018  11:2:9,170.41,166.95,167.55,169.77 x 1000,169.77 x 1400,26350440
49,27-9-2018  11:2:38,170.38,166.95,167.55,169.77 x 1000,169.77 x 1400,26350440
50,27-9-2018  11:3:7,170.395,166.95,167.55,169.850 x 1000,169.880 x 1400,26350440
51,27-9-2018  11:3:35,170.45,166.95,167.55,169.86 x 1000,169.86 x 1400,26350440
52,27-9-2018  11:4:3,170.24,166.95,167.55,169.86 x 1000,169.86 x 1400,26350440
53,27-9-2018  11:4:32,170.17,166.95,167.55,169.9200 x 1000,169.9400 x 1400,26350440
54,27-9-2018  11:5:1,170.245,166.95,167.55,169.9200 x 1000,169.9400 x 1400,26350440
55,27-9-2018  11:5:29,170.37,166.95,167.55,169.94 x 1000,169.94 x 1400,26350440
56,27-9-2018  11:5:58,170.19,166.95,167.55,169.99 x 1000,169.99 x 1400,26350440
57,27-9-2018  11:6:27,170.2,166.95,167.55,169.99 x 1000,169.99 x 1400,26350440
58,27-9-2018  11:6:56,170.13,166.95,167.55,169.98 x 1000,169.97 x 1400,26350440
59,27-9-2018  11:7:25,170.21,166.95,167.55,169.98 x 1000,169.97 x 1400,26350440
60,27-9-2018  11:7:53,170.08,166.95,167.55,170.0000 x 1000,170.0000 x 1400,26350440
61,27-9-2018  11:8:22,170.145,166.95,167.55,170.05 x 1000,170.08 x 1400,26350440
62,27-9-2018  11:8:50,170.115,166.95,167.55,170.050 x 1000,170.080 x 1400,26350440
63,27-9-2018  11:9:19,170.15,166.95,167.55,170.10 x 1000,170.10 x 1400,26350440
64,27-9-2018  11:9:48,170.1401,166.95,167.55,170.1000 x 1000,170.1000 x 1400,26350440
65,27-9-2018  11:10:16,170.1,166.95,167.55,170.08 x 1000,170.07 x 1400,26350440
66,27-9-2018  11:10:44,170.06,166.95,167.55,170.08 x 1000,170.10 x 1400,26350440
67,27-9-2018  11:11:13,170.05,166.95,167.55,170.12 x 1000,170.10 x 1400,26350440
68,27-9-2018  11:11:42,170.03,166.95,167.55,170.21 x 1000,170.17 x 1400,26350440
69,27-9-2018  11:12:11,170.13,166.95,167.55,170.21 x 1000,170.29 x 2200,26350440
70,27-9-2018  11:12:39,170.12,166.95,167.55,170.28 x 1000,170.29 x 2200,26350440
71,27-9-2018  11:13:8,170.0835,166.95,167.55,170.2800 x 1000,170.2700 x 2200,26350440
72,27-9-2018  11:13:37,170.1,166.95,167.55,170.2100 x 1000,170.2700 x 2200,26350440
73,27-9-2018  11:14:5,169.93,166.95,167.55,170.15 x 1000,170.20 x 2200,26350440
74,27-9-2018  11:14:34,170.04,166.95,167.55,170.15 x 1000,170.32 x 2200,26350440
75,27-9-2018  11:15:2,169.98,166.95,167.55,170.22 x 1000,170.32 x 2200,26350440
76,27-9-2018  11:15:31,169.86,166.95,167.55,170.24 x 1000,170.27 x 2200,26350440
77,27-9-2018  11:15:59,169.77,166.95,167.55,170.24 x 1000,170.27 x 2200,26350440
78,27-9-2018  11:16:28,169.735,166.95,167.55,170.28 x 1000,170.28 x 2200,26350440
79,27-9-2018  11:16:57,169.79,166.95,167.55,170.28 x 1000,170.29 x 2200,26350440
80,27-9-2018  11:17:25,169.8,166.95,167.55,170.35 x 1000,170.29 x 2200,26350440
81,27-9-2018  11:17:54,169.78,166.95,167.55,170.36 x 1000,170.41 x 800,26350440
82,27-9-2018  11:18:22,169.7635,166.95,167.55,170.3600 x 1000,170.4400 x 800,26350440
83,27-9-2018  11:18:51,169.725,166.95,167.55,170.4400 x 1000,170.4400 x 800,26350440
84,27-9-2018  11:19:20,169.73,166.95,167.55,170.4400 x 1000,170.2800 x 800,26350440
85,27-9-2018  11:19:48,169.67,166.95,167.55,170.19 x 1000,170.28 x 800,26350440
86,27-9-2018  11:20:16,169.63,166.95,167.55,170.25 x 1000,170.21 x 800,26350440
87,27-9-2018  11:20:45,169.69,166.95,167.55,170.2500 x 1000,170.3400 x 800,26350440
88,27-9-2018  11:21:14,169.5902,166.95,167.55,170.2700 x 1000,170.3400 x 800,26350440
89,27-9-2018  11:21:42,169.5799,166.95,167.55,170.2700 x 1000,170.1800 x 800,26350440
90,27-9-2018  11:22:11,169.57,166.95,167.55,170.16 x 1000,170.18 x 800,26350440
91,27-9-2018  11:22:40,169.5,166.95,167.55,170.18 x 1000,170.19 x 800,26350440
92,27-9-2018  11:23:8,169.61,166.95,167.55,170.18 x 1000,170.06 x 800,26350440
93,27-9-2018  11:23:37,169.76,166.95,167.55,170.1700 x 1000,170.0600 x 800,26350440
94,27-9-2018  11:24:6,169.77,166.95,167.55,170.10 x 1000,170.12 x 800,26350440
95,27-9-2018  11:24:35,169.75,166.95,167.55,170.10 x 1000,170.16 x 800,26350440
96,27-9-2018  11:25:4,169.72,166.95,167.55,170.13 x 1000,170.16 x 800,26350440
97,27-9-2018  11:25:33,169.74,166.95,167.55,170.13 x 1000,170.06 x 800,26350440
98,27-9-2018  11:26:2,169.64,166.95,167.55,170.0400 x 1000,170.0600 x 800,26350440
99,27-9-2018  11:26:31,169.56,166.95,167.55,170.03 x 1000,170.05 x 800,26350440
100,27-9-2018  11:26:59,169.53,166.95,167.55,170.03 x 1000,170.05 x 800,26350440
101,27-9-2018  11:27:28,169.455,166.95,167.55,170.100 x 1000,170.050 x 800,26350440
102,27-9-2018  11:27:57,169.38,166.95,167.55,170.10 x 1000,170.09 x 800,26350440
103,27-9-2018  11:28:26,169.5425,166.95,167.55,170.0700 x 1000,170.0900 x 800,26350440
104,27-9-2018  11:28:54,169.5,166.95,167.55,170.09 x 1000,170.12 x 800,26350440
105,27-9-2018  11:29:23,169.525,166.95,167.55,170.090 x 1000,169.880 x 800,26350440
106,27-9-2018  11:29:51,169.47,166.95,167.55,169.99 x 1000,169.88 x 800,26350440
107,27-9-2018  11:30:20,169.45,166.95,167.55,169.92 x 1000,169.96 x 800,26350440
108,27-9-2018  11:30:48,169.445,166.95,167.55,169.920 x 1000,169.960 x 800,26350440
109,27-9-2018  11:31:17,169.46,166.95,167.55,169.75 x 1000,169.77 x 800,26350440
110,27-9-2018  11:31:45,169.46,166.95,167.55,169.7500 x 1000,169.7500 x 800,26350440
111,27-9-2018  11:32:13,169.395,166.95,167.55,169.790 x 1000,169.750 x 800,26350440
112,27-9-2018  11:32:41,169.52,166.95,167.55,169.78 x 1000,169.81 x 800,26350440
113,27-9-2018  11:33:9,169.59,166.95,167.55,169.78 x 1000,169.81 x 800,26350440
114,27-9-2018  11:33:38,169.6,166.95,167.55,169.74 x 1000,169.75 x 800,26350440
115,27-9-2018  11:34:7,169.665,166.95,167.55,169.740 x 1000,169.770 x 800,26350440
116,27-9-2018  11:34:35,169.685,166.95,167.55,169.740 x 1000,169.770 x 800,26350440
117,27-9-2018  11:35:4,169.7305,166.95,167.55,169.6600 x 1000,169.6800 x 800,26350440
118,27-9-2018  11:35:33,169.6368,166.95,167.55,169.6600 x 1000,169.6800 x 800,26350440
119,27-9-2018  11:36:1,169.58,166.95,167.55,169.670 x 1000,169.690 x 800,26350440
120,27-9-2018  11:36:29,169.49,166.95,167.55,169.57 x 1000,169.58 x 800,26350440
121,27-9-2018  11:36:58,169.62,166.95,167.55,169.57 x 1000,169.58 x 800,26350440
122,27-9-2018  11:37:27,169.63,166.95,167.55,169.54 x 1000,169.57 x 800,26350440
123,27-9-2018  11:37:56,169.64,166.95,167.55,169.54 x 1000,169.57 x 800,26350440
124,27-9-2018  11:38:25,169.59,166.95,167.55,169.61 x 1000,169.61 x 800,26350440
125,27-9-2018  11:38:53,169.633,166.95,167.55,169.78 x 1000,169.77 x 800,26350440
126,27-9-2018  11:39:21,169.6,166.95,167.55,169.780 x 1000,169.770 x 800,26350440
127,27-9-2018  11:39:49,169.62,166.95,167.55,169.77 x 1000,169.73 x 800,26350440
128,27-9-2018  11:40:18,169.66,166.95,167.55,169.770 x 1000,169.620 x 800,26350440
129,27-9-2018  11:40:47,169.74,166.95,167.55,169.57 x 1000,169.62 x 800,26350440
130,27-9-2018  11:41:16,169.765,166.95,167.55,169.600 x 1000,169.640 x 800,26350440
131,27-9-2018  11:41:44,169.79,166.95,167.55,169.60 x 1000,169.64 x 800,26350440
132,27-9-2018  11:42:12,169.79,166.95,167.55,169.5200 x 1000,169.5400 x 800,26350440
133,27-9-2018  11:42:40,169.94,166.95,167.55,169.52 x 1000,169.43 x 800,26350440
134,27-9-2018  11:43:9,169.9699,166.95,167.55,169.4100 x 1000,169.4300 x 800,26350440
135,27-9-2018  11:43:37,170.0128,166.95,167.55,169.5300 x 1000,169.5400 x 800,26350440
136,27-9-2018  11:44:5,170.03,166.95,167.55,169.53 x 1000,169.54 x 800,26350440
137,27-9-2018  11:44:34,170.0999,166.95,167.55,169.5400 x 1000,169.5300 x 800,26350440
138,27-9-2018  11:45:2,170.14,166.95,167.55,169.54 x 1000,169.48 x 800,26350440
139,27-9-2018  11:45:30,170.19,166.95,167.55,169.46 x 1000,169.48 x 800,26350440
140,27-9-2018  11:45:59,170.11,166.95,167.55,169.45 x 1000,169.46 x 800,26350440
141,27-9-2018  11:46:27,170.16,166.95,167.55,169.45 x 1000,169.46 x 800,26350440
142,27-9-2018  11:46:56,170.12,166.95,167.55,169.46 x 1000,169.46 x 800,26350440
143,27-9-2018  11:47:24,170.125,166.95,167.55,169.460 x 1000,169.440 x 800,26350440
144,27-9-2018  11:47:52,170.12,166.95,167.55,169.46 x 1000,169.44 x 800,26350440
145,27-9-2018  11:48:21,170.115,166.95,167.55,169.5600 x 1000,169.5700 x 800,26350440
146,27-9-2018  11:48:49,170.08,166.95,167.55,169.56 x 1000,169.57 x 800,26350440
147,27-9-2018  11:49:18,170.07,166.95,167.55,169.63 x 1000,169.65 x 800,26350440
148,27-9-2018  11:49:46,170.01,166.95,167.55,169.63 x 1000,169.71 x 800,26350440
149,27-9-2018  11:50:15,170.04,166.95,167.55,169.710 x 1000,169.710 x 800,26350440
150,27-9-2018  11:50:45,170.075,166.95,167.55,169.640 x 1000,169.690 x 800,26350440
151,27-9-2018  11:51:13,170.03,166.95,167.55,169.6400 x 1000,169.5500 x 800,26350440
152,27-9-2018  11:51:41,169.93,166.95,167.55,169.480 x 1000,169.550 x 800,26350440
153,27-9-2018  11:52:10,170.0399,166.95,167.55,169.5900 x 1000,169.6000 x 800,26350440
154,27-9-2018  11:52:39,170.0171,166.95,167.55,169.59 x 1000,169.60 x 800,26350440
155,27-9-2018  11:53:7,170.03,166.95,167.55,169.60 x 1000,169.66 x 800,26350440
156,27-9-2018  11:53:35,169.98,166.95,167.55,169.60 x 1000,169.59 x 800,26350440
157,27-9-2018  11:54:4,169.96,166.95,167.55,169.59 x 800,169.59 x 800,26350440
158,27-9-2018  11:54:33,170,166.95,167.55,169.59 x 800,169.63 x 800,26350440
159,27-9-2018  11:55:1,169.99,166.95,167.55,169.6200 x 800,169.6300 x 800,26350440
160,27-9-2018  11:55:30,170.07,166.95,167.55,169.66 x 800,169.69 x 800,26350440
161,27-9-2018  11:55:58,170.04,166.95,167.55,169.6600 x 800,169.7500 x 800,26350440
162,27-9-2018  11:56:27,170.13,166.95,167.55,169.74 x 800,169.75 x 800,26350440
163,27-9-2018  11:56:56,170.21,166.95,167.55,169.78 x 800,169.79 x 800,26350440
164,27-9-2018  11:57:24,170.26,166.95,167.55,169.78 x 800,169.91 x 800,26350440
165,27-9-2018  11:57:53,170.2575,166.95,167.55,169.9300 x 800,169.9100 x 800,26350440
166,27-9-2018  11:58:21,170.24,166.95,167.55,169.93 x 800,169.96 x 800,26350440
167,27-9-2018  11:58:50,170.28,166.95,167.55,169.97 x 800,169.96 x 800,26350440
168,27-9-2018  11:59:19,170.3,166.95,167.55,170.020 x 800,170.020 x 800,26350440
169,27-9-2018  11:59:48,170.26,166.95,167.55,170.02 x 800,170.09 x 800,26350440
170,27-9-2018  12:0:17,170.3,166.95,167.55,170.09 x 800,170.09 x 800,26350440
171,27-9-2018  12:0:46,170.24,166.95,167.55,170.09 x 800,170.19 x 800,26350440
172,27-9-2018  12:1:15,170.23,166.95,167.55,170.170 x 800,170.100 x 800,26350440
173,27-9-2018  12:1:43,170.14,166.95,167.55,170.0900 x 800,170.1000 x 800,26350440
174,27-9-2018  12:2:12,170.06,166.95,167.55,170.09 x 800,170.11 x 800,26350440
175,27-9-2018  12:2:41,170.08,166.95,167.55,170.11 x 900,170.11 x 800,26350440
176,27-9-2018  12:3:10,169.9958,166.95,167.55,170.0900 x 900,170.1600 x 800,26350440
177,27-9-2018  12:3:39,170.03,166.95,167.55,170.09 x 900,170.11 x 800,26350440
178,27-9-2018  12:4:8,170.08,166.95,167.55,170.0600 x 900,170.1100 x 800,26350440
179,27-9-2018  12:4:36,170.0501,166.95,167.55,170.0600 x 900,170.0600 x 800,26350440
180,27-9-2018  12:5:5,170.11,166.95,167.55,170.01 x 900,170.06 x 800,26350440
181,27-9-2018  12:5:33,170.06,166.95,167.55,170.05 x 900,170.03 x 800,26350440
182,27-9-2018  12:6:1,170.07,166.95,167.55,170.050 x 900,170.030 x 800,26350440
183,27-9-2018  12:6:31,170.03,166.95,167.55,170.01 x 900,170.06 x 800,26350440
184,27-9-2018  12:6:59,170.02,166.95,167.55,170.01 x 900,169.95 x 800,26350440
185,27-9-2018  12:7:28,169.99,166.95,167.55,169.980 x 900,169.950 x 800,26350440
186,27-9-2018  12:7:56,169.985,166.95,167.55,169.980 x 900,170.030 x 800,26350440
187,27-9-2018  12:8:24,169.99,166.95,167.55,170.04 x 900,170.03 x 800,26350440
188,27-9-2018  12:8:53,169.9842,166.95,167.55,169.9700 x 900,170.0100 x 800,26350440
189,27-9-2018  12:9:21,170.08,166.95,167.55,169.97 x 900,170.01 x 800,26350440
190,27-9-2018  12:9:50,170.1778,166.95,167.55,170.0200 x 900,169.9900 x 800,26350440
191,27-9-2018  12:10:19,170.321,166.95,167.55,170.020 x 900,170.000 x 800,26350440
192,27-9-2018  12:10:48,170.24,166.95,167.55,170.03 x 800,170.00 x 800,26350440
193,27-9-2018  12:11:16,170.34,166.95,167.55,170.09 x 800,170.10 x 800,26350440
194,27-9-2018  12:11:45,170.41,166.95,167.55,170.09 x 800,170.10 x 800,26350440
195,27-9-2018  12:12:13,170.465,166.95,167.55,170.210 x 800,170.160 x 800,26350440
196,27-9-2018  12:12:42,170.43,166.95,167.55,170.21 x 800,170.28 x 800,26350440
197,27-9-2018  12:13:10,170.42,166.95,167.55,170.25 x 800,170.28 x 800,26350440
198,27-9-2018  12:13:39,170.39,166.95,167.55,170.25 x 800,170.27 x 800,26350440
199,27-9-2018  12:14:7,170.4,166.95,167.55,170.23 x 800,170.27 x 800,26350440
200,27-9-2018  12:14:36,170.44,166.95,167.55,170.26 x 800,170.28 x 800,26350440
201,27-9-2018  12:15:5,170.4902,166.95,167.55,170.2600 x 800,170.2900 x 800,26350440
202,27-9-2018  12:15:33,170.5,166.95,167.55,170.30 x 800,170.29 x 800,26350440
203,27-9-2018  12:16:2,170.49,166.95,167.55,170.30 x 800,170.25 x 800,26350440
204,27-9-2018  12:16:30,170.4482,166.95,167.55,170.2600 x 800,170.2500 x 800,26350440
205,27-9-2018  12:16:59,170.46,166.95,167.55,170.1200 x 800,170.1900 x 900,26350440
206,27-9-2018  12:17:28,170.43,166.95,167.55,170.12 x 800,170.19 x 900,26350440
207,27-9-2018  12:17:56,170.38,166.95,167.55,170.07 x 800,170.10 x 900,26350440
208,27-9-2018  12:18:25,170.4,166.95,167.55,170.07 x 800,170.10 x 900,26350440
209,27-9-2018  12:18:53,170.37,166.95,167.55,169.98 x 800,169.98 x 900,26350440
210,27-9-2018  12:19:21,170.36,166.95,167.55,169.98 x 800,169.98 x 900,26350440
211,27-9-2018  12:19:49,170.36,166.95,167.55,170.0500 x 800,170.0700 x 900,26350440
212,27-9-2018  12:20:18,170.35,166.95,167.55,170.11 x 800,170.12 x 900,26350440
213,27-9-2018  12:20:46,170.39,166.95,167.55,170.11 x 800,170.12 x 900,26350440
214,27-9-2018  12:21:14,170.425,166.95,167.55,170.0500 x 1300,170.0600 x 900,26350440
215,27-9-2018  12:21:43,170.46,166.95,167.55,170.02 x 1300,170.02 x 900,26350440
216,27-9-2018  12:22:11,170.48,166.95,167.55,170.02 x 1300,170.02 x 900,26350440
217,27-9-2018  12:22:40,170.49,166.95,167.55,170.00 x 1300,169.99 x 900,26350440
218,27-9-2018  12:23:10,170.46,166.95,167.55,170.00 x 1300,169.99 x 900,26350440
219,27-9-2018  12:23:39,170.46,166.95,167.55,169.99 x 1300,169.99 x 800,26350440
220,27-9-2018  12:24:7,170.4293,166.95,167.55,169.9600 x 1300,169.9900 x 800,26350440
221,27-9-2018  12:24:36,170.4,166.95,167.55,169.96 x 1300,169.99 x 800,26350440
222,27-9-2018  12:25:5,170.42,166.95,167.55,170.1300 x 1300,170.2300 x 800,26350440
223,27-9-2018  12:25:33,170.45,166.95,167.55,170.24 x 1300,170.23 x 800,26350440
224,27-9-2018  12:26:2,170.48,166.95,167.55,170.24 x 1300,170.28 x 1100,26350440
225,27-9-2018  12:26:31,170.49,166.95,167.55,170.3300 x 1300,170.2800 x 1100,26350440
226,27-9-2018  12:26:59,170.48,166.95,167.55,170.33 x 1300,170.37 x 1100,26350440
227,27-9-2018  12:27:27,170.4999,166.95,167.55,170.4300 x 1300,170.4800 x 1100,26350440
228,27-9-2018  12:27:56,170.5594,166.95,167.55,170.4000 x 1300,170.4800 x 1100,26350440
229,27-9-2018  12:28:25,170.6,166.95,167.55,170.40 x 1300,170.40 x 1100,26350440
230,27-9-2018  12:28:54,170.6,166.95,167.55,170.39 x 1300,170.39 x 1100,26350440
231,27-9-2018  12:29:22,170.62,166.95,167.55,170.39 x 1300,170.39 x 1100,26350440
232,27-9-2018  12:29:51,170.53,166.95,167.55,170.4500 x 1300,170.4600 x 1100,26350440
233,27-9-2018  12:30:19,170.5609,166.95,167.55,170.4800 x 1300,170.4600 x 1100,26350440
234,27-9-2018  12:30:48,170.5391,166.95,167.55,170.48 x 1300,170.49 x 1100,26350440
235,27-9-2018  12:31:17,170.7,166.95,167.55,170.48 x 1300,170.49 x 1100,26350440
236,27-9-2018  12:31:45,170.73,166.95,167.55,170.48 x 1300,170.49 x 1100,26350440
237,27-9-2018  12:32:14,170.69,166.95,167.55,170.44 x 1300,170.47 x 1100,26350440
238,27-9-2018  12:32:44,170.72,166.95,167.55,170.42 x 1300,170.47 x 1100,26350440
239,27-9-2018  12:33:12,170.59,166.95,167.55,170.420 x 1300,170.380 x 1100,26350440
240,27-9-2018  12:33:41,170.73,166.95,167.55,170.39 x 1300,170.33 x 1100,26350440
241,27-9-2018  12:34:10,170.64,166.95,167.55,170.360 x 1300,170.330 x 1100,26350440
242,27-9-2018  12:34:38,170.64,166.95,167.55,170.36 x 1300,170.38 x 1100,26350440
243,27-9-2018  12:35:7,170.57,166.95,167.55,170.34 x 1300,170.38 x 1100,26350440
244,27-9-2018  12:35:35,170.63,166.95,167.55,170.34 x 1300,170.35 x 1100,26350440
245,27-9-2018  12:36:4,170.68,166.95,167.55,170.37 x 1300,170.44 x 1400,26350440
246,27-9-2018  12:36:32,170.6487,166.95,167.55,170.3700 x 1300,170.4400 x 1400,26350440
247,27-9-2018  12:37:1,170.7,166.95,167.55,170.46 x 1300,170.48 x 1400,26350440
248,27-9-2018  12:37:30,170.77,166.95,167.55,170.49 x 1300,170.48 x 1400,26350440
249,27-9-2018  12:37:58,170.74,166.95,167.55,170.49 x 1300,170.48 x 1400,26350440
250,27-9-2018  12:38:27,170.87,166.95,167.55,170.45 x 1300,170.48 x 1400,26350440
251,27-9-2018  12:38:55,170.9037,166.95,167.55,170.4500 x 1300,170.4700 x 1400,26350440
252,27-9-2018  12:39:24,170.9723,166.95,167.55,170.4500 x 1300,170.4200 x 1400,26350440
253,27-9-2018  12:39:53,170.9,166.95,167.55,170.37 x 1300,170.42 x 1400,26350440
254,27-9-2018  12:40:22,170.9437,166.95,167.55,170.3700 x 1300,170.3900 x 1400,26350440
255,27-9-2018  12:40:51,171.04,166.95,167.55,170.470 x 1300,170.390 x 1400,26350440
256,27-9-2018  12:41:20,171,166.95,167.55,170.47 x 1300,170.48 x 1400,26350440
257,27-9-2018  12:41:48,171.01,166.95,167.55,170.48 x 1300,170.49 x 1000,26350440
258,27-9-2018  12:42:16,171.06,166.95,167.55,170.47 x 1300,170.49 x 1000,26350440
259,27-9-2018  12:42:45,171.12,166.95,167.55,170.47 x 1300,170.49 x 1100,26350440
260,27-9-2018  12:43:14,171.09,166.95,167.55,170.54 x 1300,170.49 x 1100,26350440
261,27-9-2018  12:43:43,171.04,166.95,167.55,170.59 x 1300,170.60 x 1100,26350440
262,27-9-2018  12:44:11,171.08,166.95,167.55,170.59 x 1300,170.65 x 1100,26350440
263,27-9-2018  12:44:40,171.18,166.95,167.55,170.60 x 1300,170.65 x 1100,26350440
264,27-9-2018  12:45:8,171.34,166.95,167.55,170.60 x 1300,170.55 x 1100,26350440
265,27-9-2018  12:45:37,171.3975,166.95,167.55,170.5500 x 1300,170.5500 x 1100,26350440
266,27-9-2018  12:46:5,171.42,166.95,167.55,170.58 x 1300,170.54 x 900,26350440
267,27-9-2018  12:46:34,171.52,166.95,167.55,170.58 x 1300,170.71 x 900,26350440
268,27-9-2018  12:47:2,171.44,166.95,167.55,170.73 x 800,170.71 x 900,26350440
269,27-9-2018  12:47:31,171.51,166.95,167.55,170.73 x 800,170.67 x 900,26350440
270,27-9-2018  12:48:0,171.58,166.95,167.55,170.72 x 800,170.67 x 900,26350440
271,27-9-2018  12:48:29,171.6,166.95,167.55,170.68 x 800,170.65 x 900,26350440
272,27-9-2018  12:48:58,171.62,166.95,167.55,170.68 x 800,170.75 x 900,26350440
273,27-9-2018  12:49:26,171.64,166.95,167.55,170.63 x 800,170.75 x 900,26350440
274,27-9-2018  12:49:55,171.74,166.95,167.55,170.6300 x 800,170.6500 x 900,26350440
275,27-9-2018  12:50:24,171.5,166.95,167.55,170.63 x 800,170.65 x 900,26350440
276,27-9-2018  12:50:52,171.48,166.95,167.55,170.600 x 800,170.570 x 900,26350440
277,27-9-2018  12:51:21,171.49,166.95,167.55,170.60 x 800,170.68 x 900,26350440
278,27-9-2018  12:51:50,171.55,166.95,167.55,170.6500 x 800,170.6800 x 900,26350440
279,27-9-2018  12:52:18,171.47,166.95,167.55,170.73 x 800,170.71 x 900,26350440
280,27-9-2018  12:52:47,171.32,166.95,167.55,170.73 x 800,170.69 x 900,26350440
281,27-9-2018  12:53:16,171.4,166.95,167.55,170.75 x 800,170.69 x 900,26350440
282,27-9-2018  12:53:45,171.38,166.95,167.55,170.75 x 800,170.83 x 900,26350440
283,27-9-2018  12:54:14,171.39,166.95,167.55,170.89 x 800,170.83 x 900,26350440
284,27-9-2018  12:54:43,171.36,166.95,167.55,170.96 x 800,170.99 x 900,26350440
285,27-9-2018  12:55:12,171.35,166.95,167.55,170.96 x 800,170.91 x 900,26350440
286,27-9-2018  12:55:40,171.31,166.95,167.55,170.92 x 800,170.91 x 900,26350440
287,27-9-2018  12:56:9,171.31,166.95,167.55,170.95 x 800,171.04 x 800,26350440
288,27-9-2018  12:56:37,171.33,166.95,167.55,170.950 x 800,171.040 x 800,26350440
289,27-9-2018  12:57:6,171.2917,166.95,167.55,171.0100 x 800,171.0600 x 800,26350440
290,27-9-2018  12:57:34,171.31,166.95,167.55,171.01 x 800,171.10 x 800,26350440
291,27-9-2018  12:58:3,171.3,166.95,167.55,171.13 x 800,171.10 x 800,26350440
292,27-9-2018  12:58:31,171.26,166.95,167.55,171.05 x 800,171.09 x 800,26350440
293,27-9-2018  12:59:1,171.2399,166.95,167.55,171.0500 x 800,171.0600 x 800,26350440
294,27-9-2018  12:59:29,171.2264,166.95,167.55,171.0700 x 800,171.0600 x 800,26350440
295,27-9-2018  12:59:58,171.145,166.95,167.55,171.070 x 800,171.200 x 800,26350440
296,27-9-2018  13:0:27,171.07,166.95,167.55,171.32 x 800,171.35 x 800,26350440
297,27-9-2018  13:0:56,171.045,166.95,167.55,171.400 x 800,171.350 x 800,26350440
298,27-9-2018  13:1:25,170.9,166.95,167.55,171.40 x 800,171.46 x 800,26350440
299,27-9-2018  13:1:54,170.99,166.95,167.55,171.50 x 800,171.46 x 800,26350440
300,27-9-2018  13:2:23,170.945,166.95,167.55,171.500 x 800,171.440 x 800,26350440
301,27-9-2018  13:2:51,171,166.95,167.55,171.47 x 800,171.54 x 800,26350440
302,27-9-2018  13:3:19,171.07,166.95,167.55,171.61 x 800,171.54 x 800,26350440
303,27-9-2018  13:3:48,171.04,166.95,167.55,171.61 x 800,171.60 x 800,26350440
304,27-9-2018  13:4:17,171.045,166.95,167.55,171.590 x 800,171.600 x 800,26350440
305,27-9-2018  13:4:46,171.0802,166.95,167.55,171.6400 x 800,171.6900 x 800,26350440
306,27-9-2018  13:5:15,171.16,166.95,167.55,171.64 x 800,171.76 x 2200,26350440
307,27-9-2018  13:5:44,171.265,166.95,167.55,171.540 x 800,171.760 x 2200,26350440
308,27-9-2018  13:6:12,171.21,166.95,167.55,171.54 x 800,171.45 x 2200,26350440
309,27-9-2018  13:6:41,171.2,166.95,167.55,171.4200 x 800,171.5400 x 2200,26350440
310,27-9-2018  13:7:11,171.17,166.95,167.55,171.42 x 800,171.54 x 2200,26350440
311,27-9-2018  13:7:40,171.15,166.95,167.55,171.42 x 800,171.47 x 2200,26350440
312,27-9-2018  13:8:10,171.16,166.95,167.55,171.30 x 1000,171.47 x 2200,26350440
313,27-9-2018  13:8:39,171.06,166.95,167.55,171.30 x 1000,171.41 x 2200,26350440
314,27-9-2018  13:9:8,171.07,166.95,167.55,171.4000 x 1000,171.3400 x 2200,26350440
315,27-9-2018  13:9:37,171.06,166.95,167.55,171.39 x 1000,171.34 x 2200,26350440
316,27-9-2018  13:10:6,171.04,166.95,167.55,171.39 x 1000,171.36 x 2200,26350440
317,27-9-2018  13:10:35,171.04,166.95,167.55,171.32 x 1000,171.35 x 2200,26350440
318,27-9-2018  13:11:4,170.98,166.95,167.55,171.24 x 1000,171.35 x 2200,26350440
319,27-9-2018  13:11:33,171.03,166.95,167.55,171.24 x 1000,171.35 x 2200,26350440
320,27-9-2018  13:12:2,171.02,166.95,167.55,171.31 x 1000,171.35 x 2200,26350440
321,27-9-2018  13:12:31,171.01,166.95,167.55,171.31 x 1000,171.31 x 2200,26350440
322,27-9-2018  13:12:59,170.9499,166.95,167.55,171.2800 x 1000,171.3100 x 2200,26350440
323,27-9-2018  13:13:28,170.9,166.95,167.55,171.28 x 1000,171.31 x 2200,26350440
324,27-9-2018  13:13:57,170.84,166.95,167.55,171.26 x 1000,171.31 x 2200,26350440
325,27-9-2018  13:14:26,170.86,166.95,167.55,171.21 x 1000,171.24 x 2200,26350440
326,27-9-2018  13:14:55,170.85,166.95,167.55,171.21 x 1000,171.22 x 2200,26350440
327,27-9-2018  13:15:24,170.83,166.95,167.55,171.13 x 1000,171.22 x 2200,26350440
328,27-9-2018  13:15:52,170.85,166.95,167.55,171.13 x 1000,171.06 x 2200,26350440
329,27-9-2018  13:16:21,170.87,166.95,167.55,171.05 x 1000,171.06 x 2200,26350440
330,27-9-2018  13:16:50,170.84,166.95,167.55,170.92 x 1000,170.94 x 2200,26350440
331,27-9-2018  13:17:19,170.81,166.95,167.55,170.92 x 1000,170.97 x 900,26350440
332,27-9-2018  13:17:48,170.83,166.95,167.55,170.93 x 1000,170.97 x 900,26350440
333,27-9-2018  13:18:16,170.9154,166.95,167.55,170.9300 x 1000,170.9900 x 900,26350440
334,27-9-2018  13:18:45,170.95,166.95,167.55,171.03 x 1000,170.99 x 900,26350440
335,27-9-2018  13:19:14,170.87,166.95,167.55,171.11 x 1000,171.05 x 900,26350440
336,27-9-2018  13:19:43,170.99,166.95,167.55,171.11 x 1000,171.08 x 900,26350440
337,27-9-2018  13:20:11,170.97,166.95,167.55,171.15 x 1000,171.08 x 900,26350440
338,27-9-2018  13:20:40,170.9872,166.95,167.55,171.26 x 1000,171.18 x 900,26350440
339,27-9-2018  13:21:9,170.92,166.95,167.55,171.2600 x 1000,171.2000 x 900,26350440
340,27-9-2018  13:21:38,170.88,166.95,167.55,171.11 x 1000,171.20 x 900,26350440
341,27-9-2018  13:22:7,170.87,166.95,167.55,171.11 x 1000,171.17 x 900,26350440
342,27-9-2018  13:22:35,170.92,166.95,167.55,171.160 x 1000,171.170 x 900,26350440
343,27-9-2018  13:23:4,170.82,166.95,167.55,171.13 x 1000,171.16 x 900,26350440
344,27-9-2018  13:23:33,170.81,166.95,167.55,171.13 x 1000,171.16 x 900,26350440
345,27-9-2018  13:24:2,170.76,166.95,167.55,171.0700 x 1000,171.1600 x 900,26350440
346,27-9-2018  13:24:31,170.77,166.95,167.55,171.07 x 1000,171.07 x 900,26350440
347,27-9-2018  13:25:0,170.788,166.95,167.55,171.060 x 1000,171.070 x 900,26350440
348,27-9-2018  13:25:29,170.71,166.95,167.55,171.02 x 1000,171.06 x 900,26350440
349,27-9-2018  13:25:58,170.64,166.95,167.55,171.02 x 1000,171.04 x 900,26350440
350,27-9-2018  13:26:27,170.64,166.95,167.55,171.0100 x 900,171.0400 x 900,26350440
351,27-9-2018  13:26:56,170.65,166.95,167.55,171.01 x 900,171.03 x 900,26350440
352,27-9-2018  13:27:25,170.6,166.95,167.55,171.0500 x 900,171.0300 x 900,26350440
353,27-9-2018  13:27:54,170.59,166.95,167.55,170.96 x 900,171.00 x 800,26350440
354,27-9-2018  13:28:23,170.73,166.95,167.55,170.96 x 900,170.93 x 800,26350440
355,27-9-2018  13:28:52,170.66,166.95,167.55,170.8500 x 900,170.9300 x 800,26350440
356,27-9-2018  13:29:20,170.65,166.95,167.55,170.85 x 900,170.87 x 800,26350440
357,27-9-2018  13:29:49,170.66,166.95,167.55,170.86 x 900,170.87 x 800,26350440
358,27-9-2018  13:30:17,170.6275,166.95,167.55,170.8400 x 900,170.8700 x 800,26350440
359,27-9-2018  13:30:46,170.68,166.95,167.55,170.84 x 900,170.83 x 800,26350440
360,27-9-2018  13:31:15,170.64,166.95,167.55,170.83 x 900,170.83 x 800,26350440
361,27-9-2018  13:31:44,170.68,166.95,167.55,170.83 x 900,170.89 x 800,26350440
362,27-9-2018  13:32:13,170.71,166.95,167.55,170.85 x 900,170.89 x 800,26350440
363,27-9-2018  13:32:42,170.7249,166.95,167.55,170.7900 x 900,170.8000 x 800,26350440
364,27-9-2018  13:33:11,170.64,166.95,167.55,170.79 x 900,170.90 x 800,26350440
365,27-9-2018  13:33:40,170.59,166.95,167.55,170.92 x 900,170.90 x 800,26350440
366,27-9-2018  13:34:9,170.59,166.95,167.55,170.89 x 900,170.91 x 800,26350440
367,27-9-2018  13:34:38,170.58,166.95,167.55,170.8900 x 900,170.9100 x 800,26350440
368,27-9-2018  13:35:8,170.59,166.95,167.55,170.98 x 900,170.99 x 800,26350440
369,27-9-2018  13:35:37,170.6,166.95,167.55,170.9800 x 900,171.0000 x 800,26350440
370,27-9-2018  13:36:7,170.635,166.95,167.55,170.970 x 900,171.000 x 800,26350440
371,27-9-2018  13:36:35,170.6658,166.95,167.55,170.8900 x 900,170.9100 x 800,26350440
372,27-9-2018  13:37:4,170.62,166.95,167.55,170.89 x 900,170.91 x 800,26350440
373,27-9-2018  13:37:33,170.58,166.95,167.55,170.88 x 900,170.88 x 800,26350440
374,27-9-2018  13:38:3,170.53,166.95,167.55,170.88 x 900,170.82 x 800,26350440
375,27-9-2018  13:38:32,170.43,166.95,167.55,170.8100 x 900,170.8200 x 800,26350440
376,27-9-2018  13:39:1,170.37,166.95,167.55,170.81 x 900,170.82 x 800,26350440
377,27-9-2018  13:39:31,170.3099,166.95,167.55,170.8100 x 900,170.8000 x 800,26350440
378,27-9-2018  13:39:59,170.42,166.95,167.55,170.77 x 900,170.80 x 800,26350440
379,27-9-2018  13:40:28,170.46,166.95,167.55,170.77 x 900,170.78 x 800,26350440
380,27-9-2018  13:40:57,170.49,166.95,167.55,170.70 x 900,170.78 x 800,26350440
381,27-9-2018  13:41:26,170.53,166.95,167.55,170.6300 x 900,170.6400 x 800,26350440
382,27-9-2018  13:41:55,170.48,166.95,167.55,170.63 x 900,170.64 x 800,26350440
383,27-9-2018  13:42:24,170.47,166.95,167.55,170.63 x 900,170.65 x 900,26350440
384,27-9-2018  13:42:53,170.48,166.95,167.55,170.58 x 900,170.58 x 900,26350440
385,27-9-2018  13:43:22,170.42,166.95,167.55,170.58 x 900,170.58 x 900,26350440
386,27-9-2018  13:43:52,170.47,166.95,167.55,170.70 x 900,170.73 x 900,26350440
387,27-9-2018  13:44:21,170.48,166.95,167.55,170.70 x 900,170.73 x 900,26350440
388,27-9-2018  13:44:49,170.43,166.95,167.55,170.65 x 900,170.66 x 900,26350440
389,27-9-2018  13:45:19,170.4,166.95,167.55,170.62 x 900,170.63 x 900,26350440
390,27-9-2018  13:45:48,170.4,166.95,167.55,170.62 x 900,170.63 x 900,26350440
391,27-9-2018  13:46:17,170.48,166.95,167.55,170.66 x 900,170.66 x 900,26350440
392,27-9-2018  13:46:45,170.51,166.95,167.55,170.66 x 900,170.66 x 900,26350440
393,27-9-2018  13:47:14,170.5573,166.95,167.55,170.6800 x 900,170.6800 x 900,26350440
394,27-9-2018  13:47:44,170.47,166.95,167.55,170.73 x 900,170.74 x 800,26350440
395,27-9-2018  13:48:13,170.42,166.95,167.55,170.73 x 900,170.74 x 800,26350440
396,27-9-2018  13:48:42,170.4599,166.95,167.55,170.6000 x 900,170.6200 x 800,26350440
397,27-9-2018  13:49:11,170.31,166.95,167.55,170.60 x 900,170.62 x 800,26350440
398,27-9-2018  13:49:41,170.35,166.95,167.55,170.5700 x 900,170.5800 x 800,26350440
399,27-9-2018  13:50:11,170.37,166.95,167.55,170.580 x 900,170.600 x 800,26350440
400,27-9-2018  13:50:40,170.335,166.95,167.55,170.5800 x 900,170.6000 x 800,26350440
401,27-9-2018  13:51:9,170.33,166.95,167.55,170.640 x 900,170.650 x 800,26350440
402,27-9-2018  13:51:38,170.3444,166.95,167.55,170.6400 x 900,170.6500 x 800,26350440
403,27-9-2018  13:52:7,170.3,166.95,167.55,170.67 x 1800,170.68 x 800,26350440
404,27-9-2018  13:52:36,170.25,166.95,167.55,170.59 x 1800,170.60 x 800,26350440
405,27-9-2018  13:53:5,170.38,166.95,167.55,170.59 x 1800,170.60 x 800,26350440
406,27-9-2018  13:53:35,170.345,166.95,167.55,170.530 x 1800,170.540 x 800,26350440
407,27-9-2018  13:54:3,170.41,166.95,167.55,170.37 x 1800,170.38 x 800,26350440
408,27-9-2018  13:54:33,170.46,166.95,167.55,170.37 x 1800,170.38 x 800,26350440
409,27-9-2018  13:55:2,170.36,166.95,167.55,170.42 x 1800,170.43 x 800,26350440
410,27-9-2018  13:55:31,170.34,166.95,167.55,170.42 x 1800,170.43 x 800,26350440
411,27-9-2018  13:56:0,170.3374,166.95,167.55,170.4400 x 1800,170.4500 x 1200,26350440
412,27-9-2018  13:56:29,170.39,166.95,167.55,170.49 x 1800,170.50 x 1200,26350440
413,27-9-2018  13:56:58,170.44,166.95,167.55,170.49 x 1800,170.50 x 1200,26350440
414,27-9-2018  13:57:27,170.39,166.95,167.55,170.45 x 1800,170.47 x 1200,26350440
415,27-9-2018  13:57:55,170.41,166.95,167.55,170.47 x 1800,170.49 x 1200,26350440
416,27-9-2018  13:58:25,170.48,166.95,167.55,170.47 x 1800,170.49 x 1200,26350440
417,27-9-2018  13:58:54,170.4439,166.95,167.55,170.4400 x 800,170.4500 x 1200,26350440
418,27-9-2018  13:59:23,170.48,166.95,167.55,170.44 x 800,170.45 x 1200,26350440
419,27-9-2018  13:59:52,170.4,166.95,167.55,170.46 x 800,170.48 x 1200,26350440
420,27-9-2018  14:0:21,170.36,166.95,167.55,170.38 x 800,170.39 x 1200,26350440
421,27-9-2018  14:0:50,170.3201,166.95,167.55,170.3800 x 800,170.3900 x 1200,26350440
422,27-9-2018  14:1:18,170.33,166.95,167.55,170.44 x 800,170.46 x 1200,26350440
423,27-9-2018  14:1:47,170.335,166.95,167.55,170.440 x 800,170.460 x 1200,26350440
424,27-9-2018  14:2:16,170.3,166.95,167.55,170.50 x 800,170.50 x 1200,26350440
425,27-9-2018  14:2:45,170.3,166.95,167.55,170.4800 x 800,170.5000 x 1200,26350440
426,27-9-2018  14:3:14,170.3,166.95,167.55,170.48 x 800,170.50 x 1200,26350440
427,27-9-2018  14:3:42,170.27,166.95,167.55,170.42 x 800,170.42 x 1200,26350440
428,27-9-2018  14:4:11,170.27,166.95,167.55,170.42 x 800,170.42 x 1200,26350440
429,27-9-2018  14:4:39,170.36,166.95,167.55,170.29 x 800,170.31 x 1200,26350440
430,27-9-2018  14:5:8,170.1248,166.95,167.55,170.2900 x 800,170.3100 x 1200,26350440
431,27-9-2018  14:5:36,170.07,166.95,167.55,170.37 x 800,170.37 x 1200,26350440
432,27-9-2018  14:6:6,170.02,166.95,167.55,170.32 x 800,170.34 x 800,26350440
433,27-9-2018  14:6:35,169.96,166.95,167.55,170.32 x 800,170.34 x 800,26350440
434,27-9-2018  14:7:4,170.04,166.95,167.55,170.31 x 800,170.34 x 800,26350440
435,27-9-2018  14:7:33,170.08,166.95,167.55,170.23 x 800,170.27 x 800,26350440
436,27-9-2018  14:8:2,170,166.95,167.55,170.23 x 800,170.27 x 800,26350440
437,27-9-2018  14:8:31,170.05,166.95,167.55,170.37 x 800,170.39 x 800,26350440
438,27-9-2018  14:9:0,170.01,166.95,167.55,170.37 x 800,170.39 x 800,26350440
439,27-9-2018  14:9:29,169.93,166.95,167.55,170.3900 x 800,170.3900 x 800,26350440
440,27-9-2018  14:9:58,169.863,166.95,167.55,170.410 x 800,170.420 x 800,26350440
441,27-9-2018  14:10:27,169.85,166.95,167.55,170.41 x 800,170.42 x 800,26350440
442,27-9-2018  14:10:56,169.84,166.95,167.55,170.32 x 800,170.34 x 800,26350440
443,27-9-2018  14:11:25,169.85,166.95,167.55,170.32 x 800,170.40 x 800,26350440
444,27-9-2018  14:11:54,169.815,166.95,167.55,170.380 x 800,170.400 x 800,26350440
445,27-9-2018  14:12:23,169.8,166.95,167.55,170.40 x 800,170.44 x 800,26350440
446,27-9-2018  14:12:52,169.82,166.95,167.55,170.40 x 800,170.44 x 800,26350440
447,27-9-2018  14:13:21,169.8308,166.95,167.55,170.4300 x 800,170.4100 x 800,26350440
448,27-9-2018  14:13:50,169.82,166.95,167.55,170.43 x 800,170.44 x 800,26350440
449,27-9-2018  14:14:20,169.74,166.95,167.55,170.43 x 800,170.44 x 800,26350440
450,27-9-2018  14:14:49,169.816,166.95,167.55,170.480 x 800,170.490 x 800,26350440
451,27-9-2018  14:15:18,169.76,166.95,167.55,170.48 x 800,170.49 x 800,26350440
452,27-9-2018  14:15:46,169.7,166.95,167.55,170.35 x 800,170.36 x 800,26350440
453,27-9-2018  14:16:15,169.77,166.95,167.55,170.35 x 800,170.36 x 800,26350440
454,27-9-2018  14:16:45,169.905,166.95,167.55,170.340 x 800,170.330 x 800,26350440
455,27-9-2018  14:17:14,169.95,166.95,167.55,170.2600 x 800,170.3500 x 800,26350440
456,27-9-2018  14:17:43,169.94,166.95,167.55,170.2600 x 800,170.2800 x 800,26350440
457,27-9-2018  14:18:12,169.9791,166.95,167.55,170.3100 x 800,170.2800 x 800,26350440
458,27-9-2018  14:18:41,170,166.95,167.55,170.28 x 800,170.31 x 800,26350440
459,27-9-2018  14:19:9,169.97,166.95,167.55,170.28 x 800,170.31 x 800,26350440
460,27-9-2018  14:19:38,170.1,166.95,167.55,170.31 x 800,170.32 x 800,26350440
461,27-9-2018  14:20:7,170.03,166.95,167.55,170.25 x 800,170.26 x 800,26350440
462,27-9-2018  14:20:36,170.0599,166.95,167.55,170.2500 x 800,170.2600 x 800,26350440
463,27-9-2018  14:21:5,170.04,166.95,167.55,170.05 x 800,170.09 x 800,26350440
464,27-9-2018  14:21:33,169.985,166.95,167.55,170.050 x 800,169.960 x 800,26350440
465,27-9-2018  14:22:2,169.93,166.95,167.55,169.96 x 800,169.96 x 800,26350440
466,27-9-2018  14:22:32,169.95,166.95,167.55,170.02 x 800,170.05 x 800,26350440
467,27-9-2018  14:23:1,169.9028,166.95,167.55,170.0200 x 800,170.0500 x 800,26350440
468,27-9-2018  14:23:30,169.88,166.95,167.55,170.01 x 800,170.02 x 800,26350440
469,27-9-2018  14:23:59,169.91,166.95,167.55,170.01 x 800,170.02 x 800,26350440
470,27-9-2018  14:24:27,169.87,166.95,167.55,170.00 x 800,170.01 x 800,26350440
471,27-9-2018  14:24:56,169.84,166.95,167.55,169.84 x 800,169.85 x 800,26350440
472,27-9-2018  14:25:25,169.81,166.95,167.55,169.84 x 800,169.85 x 800,26350440
473,27-9-2018  14:25:54,169.78,166.95,167.55,169.86 x 800,169.87 x 800,26350440
474,27-9-2018  14:26:23,169.78,166.95,167.55,169.81 x 800,169.83 x 800,26350440
475,27-9-2018  14:26:51,169.62,166.95,167.55,169.81 x 800,169.83 x 800,26350440
476,27-9-2018  14:27:21,169.56,166.95,167.55,169.8100 x 800,169.8200 x 800,26350440
477,27-9-2018  14:27:49,169.55,166.95,167.55,169.81 x 800,169.82 x 800,26350440
478,27-9-2018  14:28:18,169.6,166.95,167.55,169.81 x 800,169.81 x 800,26350440
479,27-9-2018  14:28:47,169.46,166.95,167.55,169.83 x 800,169.85 x 800,26350440
480,27-9-2018  14:29:16,169.4888,166.95,167.55,169.83 x 800,169.85 x 800,26350440
481,27-9-2018  14:29:45,169.4831,166.95,167.55,169.7500 x 800,169.7600 x 800,26350440
482,27-9-2018  14:30:14,169.6,166.95,167.55,169.75 x 800,169.76 x 800,26350440
483,27-9-2018  14:30:42,169.568,166.95,167.55,169.7700 x 800,169.7800 x 800,26350440
484,27-9-2018  14:31:12,169.52,166.95,167.55,169.67 x 800,169.71 x 800,26350440
485,27-9-2018  14:31:41,169.525,166.95,167.55,169.670 x 800,169.710 x 800,26350440
486,27-9-2018  14:32:10,169.54,166.95,167.55,169.89 x 800,169.92 x 800,26350440
487,27-9-2018  14:32:39,169.43,166.95,167.55,169.93 x 800,169.94 x 800,26350440
488,27-9-2018  14:33:8,169.56,166.95,167.55,169.93 x 800,169.94 x 800,26350440
489,27-9-2018  14:33:38,169.68,166.95,167.55,169.97 x 800,169.98 x 800,26350440
490,27-9-2018  14:34:7,169.58,166.95,167.55,169.97 x 800,169.98 x 800,26350440
491,27-9-2018  14:34:36,169.49,166.95,167.55,169.960 x 800,169.980 x 800,26350440
492,27-9-2018  14:35:5,169.47,166.95,167.55,170.03 x 800,170.04 x 800,26350440
493,27-9-2018  14:35:34,169.47,166.95,167.55,170.03 x 800,170.04 x 800,26350440
494,27-9-2018  14:36:3,169.58,166.95,167.55,170.05 x 800,170.05 x 800,26350440
495,27-9-2018  14:36:32,169.56,166.95,167.55,169.9900 x 800,170.0500 x 800,26350440
496,27-9-2018  14:37:1,169.58,166.95,167.55,169.99 x 800,169.98 x 800,26350440
497,27-9-2018  14:37:29,169.581,166.95,167.55,169.9500 x 1100,169.9600 x 800,26350440
498,27-9-2018  14:37:58,169.64,166.95,167.55,169.95 x 1100,169.96 x 800,26350440
499,27-9-2018  14:38:27,169.6565,166.95,167.55,169.8900 x 1000,169.9000 x 1300,26350440
500,27-9-2018  14:38:56,169.71,166.95,167.55,169.89 x 1000,169.90 x 1300,26350440
501,27-9-2018  14:39:26,169.69,166.95,167.55,169.95 x 1000,169.97 x 1300,26350440
502,27-9-2018  14:39:54,169.65,166.95,167.55,169.8300 x 1000,169.9700 x 1300,26350440
503,27-9-2018  14:40:23,169.66,166.95,167.55,169.83 x 1000,169.83 x 800,26350440
504,27-9-2018  14:40:51,169.71,166.95,167.55,169.7700 x 1000,169.7900 x 800,26350440
505,27-9-2018  14:41:21,169.7,166.95,167.55,169.77 x 1000,169.79 x 800,26350440
506,27-9-2018  14:41:50,169.69,166.95,167.55,169.74 x 1000,169.72 x 800,26350440
507,27-9-2018  14:42:18,169.6361,166.95,167.55,169.5500 x 1000,169.7200 x 800,26350440
508,27-9-2018  14:42:47,169.6,166.95,167.55,169.5500 x 1000,169.5500 x 800,26350440
509,27-9-2018  14:43:16,169.6175,166.95,167.55,169.5500 x 1000,169.5900 x 800,26350440
510,27-9-2018  14:43:45,169.59,166.95,167.55,169.500 x 1000,169.590 x 800,26350440
511,27-9-2018  14:44:15,169.57,166.95,167.55,169.50 x 1000,169.53 x 800,26350440
512,27-9-2018  14:44:44,169.64,166.95,167.55,169.51 x 1000,169.53 x 800,26350440
513,27-9-2018  14:45:13,169.75,166.95,167.55,169.51 x 1000,169.50 x 800,26350440
514,27-9-2018  14:45:42,169.77,166.95,167.55,169.59 x 800,169.60 x 800,26350440
515,27-9-2018  14:46:12,169.79,166.95,167.55,169.51 x 900,169.60 x 800,26350440
516,27-9-2018  14:46:40,169.82,166.95,167.55,169.51 x 900,169.55 x 800,26350440
517,27-9-2018  14:47:9,169.8101,166.95,167.55,169.5900 x 900,169.5400 x 800,26350440
518,27-9-2018  14:47:38,169.77,166.95,167.55,169.59 x 900,169.54 x 800,26350440
519,27-9-2018  14:48:8,169.76,166.95,167.55,169.4400 x 900,169.5500 x 800,26350440
520,27-9-2018  14:48:37,169.76,166.95,167.55,169.66 x 900,169.55 x 800,26350440
521,27-9-2018  14:49:5,169.74,166.95,167.55,169.66 x 900,169.67 x 800,26350440
522,27-9-2018  14:49:34,169.72,166.95,167.55,169.50 x 900,169.50 x 800,26350440
523,27-9-2018  14:50:3,169.67,166.95,167.55,169.50 x 900,169.50 x 800,26350440
524,27-9-2018  14:50:32,169.6682,166.95,167.55,169.4600 x 900,169.4900 x 800,26350440
525,27-9-2018  14:51:1,169.66,166.95,167.55,169.51 x 900,169.49 x 800,26350440
526,27-9-2018  14:51:30,169.68,166.95,167.55,169.51 x 900,169.64 x 800,26350440
527,27-9-2018  14:51:59,169.67,166.95,167.55,169.54 x 900,169.59 x 800,26350440
528,27-9-2018  14:52:29,169.5169,166.95,167.55,169.5800 x 900,169.5900 x 800,26350440
529,27-9-2018  14:52:57,169.63,166.95,167.55,169.58 x 900,169.63 x 800,26350440
530,27-9-2018  14:53:26,169.64,166.95,167.55,169.6300 x 900,169.6300 x 800,26350440
531,27-9-2018  14:53:54,169.72,166.95,167.55,169.63 x 900,169.68 x 800,26350440
532,27-9-2018  14:54:23,169.78,166.95,167.55,169.70 x 900,169.71 x 800,26350440
533,27-9-2018  14:54:52,169.77,166.95,167.55,169.65 x 900,169.71 x 800,26350440
534,27-9-2018  14:55:21,169.81,166.95,167.55,169.65 x 900,169.67 x 800,26350440
535,27-9-2018  14:55:51,169.78,166.95,167.55,169.68 x 900,169.67 x 800,26350440
536,27-9-2018  14:56:20,169.73,166.95,167.55,169.69 x 900,169.70 x 800,26350440
537,27-9-2018  14:56:49,169.69,166.95,167.55,169.69 x 900,169.69 x 800,26350440
538,27-9-2018  14:57:18,169.65,166.95,167.55,169.61 x 900,169.69 x 800,26350440
539,27-9-2018  14:57:47,169.65,166.95,167.55,169.61 x 900,169.64 x 800,26350440
540,27-9-2018  14:58:16,169.68,166.95,167.55,169.60 x 900,169.64 x 800,26350440
541,27-9-2018  14:58:45,169.69,166.95,167.55,169.59 x 900,169.61 x 800,26350440
542,27-9-2018  14:59:14,169.73,166.95,167.55,169.59 x 900,169.59 x 800,26350440
543,27-9-2018  14:59:43,169.82,166.95,167.55,169.58 x 900,169.59 x 800,26350440
544,27-9-2018  15:0:12,169.86,166.95,167.55,169.720 x 900,169.680 x 800,26350440
545,27-9-2018  15:0:42,169.92,166.95,167.55,169.72 x 900,169.77 x 800,26350440
546,27-9-2018  15:1:11,169.8,166.95,167.55,169.75 x 900,169.77 x 800,26350440
547,27-9-2018  15:1:40,169.85,166.95,167.55,169.75 x 900,169.81 x 800,26350440
548,27-9-2018  15:2:9,169.81,166.95,167.55,169.83 x 1000,169.81 x 800,26350440
549,27-9-2018  15:2:38,169.78,166.95,167.55,169.83 x 800,169.83 x 800,26350440
550,27-9-2018  15:3:7,169.77,166.95,167.55,169.77 x 900,169.83 x 800,26350440
551,27-9-2018  15:3:35,169.78,166.95,167.55,169.79 x 900,169.78 x 800,26350440
552,27-9-2018  15:4:4,169.76,166.95,167.55,169.79 x 900,169.76 x 800,26350440
553,27-9-2018  15:4:33,169.84,166.95,167.55,169.71 x 900,169.76 x 800,26350440
554,27-9-2018  15:5:2,169.82,166.95,167.55,169.71 x 900,169.71 x 800,26350440
555,27-9-2018  15:5:31,169.8902,166.95,167.55,169.6600 x 900,169.7100 x 800,26350440
556,27-9-2018  15:5:59,169.8954,166.95,167.55,169.6200 x 900,169.6500 x 800,26350440
557,27-9-2018  15:6:28,169.89,166.95,167.55,169.62 x 900,169.70 x 800,26350440
558,27-9-2018  15:6:57,169.9,166.95,167.55,169.66 x 900,169.70 x 800,26350440
559,27-9-2018  15:7:27,169.88,166.95,167.55,169.54 x 900,169.65 x 800,26350440
560,27-9-2018  15:7:56,169.88,166.95,167.55,169.540 x 900,169.650 x 800,26350440
561,27-9-2018  15:8:25,169.835,166.95,167.55,169.610 x 900,169.640 x 800,26350440
562,27-9-2018  15:8:54,169.7115,166.95,167.55,169.6100 x 900,169.7500 x 800,26350440
563,27-9-2018  15:9:23,169.62,166.95,167.55,169.71 x 900,169.75 x 800,26350440
564,27-9-2018  15:9:52,169.4675,166.95,167.55,169.7300 x 900,169.7800 x 800,26350440
565,27-9-2018  15:10:21,169.3901,166.95,167.55,169.7300 x 900,169.7800 x 800,26350440
566,27-9-2018  15:10:50,169.49,166.95,167.55,169.79 x 900,169.81 x 800,26350440
567,27-9-2018  15:11:19,169.55,166.95,167.55,169.72 x 900,169.75 x 800,26350440
568,27-9-2018  15:11:48,169.59,166.95,167.55,169.72 x 900,169.75 x 800,26350440
569,27-9-2018  15:12:17,169.57,166.95,167.55,169.64 x 900,169.72 x 800,26350440
570,27-9-2018  15:12:45,169.58,166.95,167.55,169.64 x 900,169.70 x 800,26350440
571,27-9-2018  15:13:15,169.585,166.95,167.55,169.630 x 900,169.700 x 800,26350440
572,27-9-2018  15:13:44,169.525,166.95,167.55,169.690 x 900,169.660 x 800,26350440
573,27-9-2018  15:14:13,169.57,166.95,167.55,169.69 x 900,169.66 x 800,26350440
574,27-9-2018  15:14:42,169.55,166.95,167.55,169.74 x 1000,169.75 x 800,26350440
575,27-9-2018  15:15:11,169.5675,166.95,167.55,169.8400 x 1000,169.8200 x 800,26350440
576,27-9-2018  15:15:40,169.58,166.95,167.55,169.84 x 1000,169.82 x 800,26350440
577,27-9-2018  15:16:8,169.5,166.95,167.55,169.91 x 1000,169.89 x 800,26350440
578,27-9-2018  15:16:37,169.53,166.95,167.55,169.91 x 1000,169.88 x 800,26350440
579,27-9-2018  15:17:6,169.5535,166.95,167.55,169.8300 x 1000,169.8800 x 800,26350440
580,27-9-2018  15:17:36,169.61,166.95,167.55,169.83 x 1000,169.77 x 800,26350440
581,27-9-2018  15:18:4,169.61,166.95,167.55,169.79 x 1000,169.77 x 800,26350440
582,27-9-2018  15:18:34,169.53,166.95,167.55,169.77 x 1000,169.78 x 800,26350440
583,27-9-2018  15:19:3,169.47,166.95,167.55,169.7700 x 1000,169.7800 x 800,26350440
584,27-9-2018  15:19:32,169.52,166.95,167.55,169.8100 x 1000,169.7900 x 800,26350440
585,27-9-2018  15:20:1,169.54,166.95,167.55,169.80 x 1000,169.82 x 800,26350440
586,27-9-2018  15:20:30,169.57,166.95,167.55,169.80 x 1000,169.82 x 800,26350440
587,27-9-2018  15:20:59,169.49,166.95,167.55,169.86 x 1000,169.87 x 800,26350440
588,27-9-2018  15:21:28,169.36,166.95,167.55,169.86 x 1000,169.87 x 800,26350440
589,27-9-2018  15:21:57,169.42,166.95,167.55,169.87 x 1000,169.90 x 800,26350440
590,27-9-2018  15:22:25,169.32,166.95,167.55,169.87 x 1000,169.90 x 800,26350440
591,27-9-2018  15:22:55,169.34,166.95,167.55,169.86 x 1000,169.89 x 800,26350440
592,27-9-2018  15:23:23,169.34,166.95,167.55,169.87 x 1000,169.86 x 800,26350440
593,27-9-2018  15:23:52,169.24,166.95,167.55,169.75 x 1000,169.86 x 800,26350440
594,27-9-2018  15:24:21,169.3675,166.95,167.55,169.7500 x 1000,169.7200 x 800,26350440
595,27-9-2018  15:24:50,169.25,166.95,167.55,169.53 x 2200,169.72 x 800,26350440
596,27-9-2018  15:25:19,169.23,166.95,167.55,169.53 x 2200,169.47 x 800,26350440
597,27-9-2018  15:25:48,169.3,166.95,167.55,169.39 x 2200,169.44 x 800,26350440
598,27-9-2018  15:26:17,169.25,166.95,167.55,169.52 x 2200,169.44 x 800,26350440
599,27-9-2018  15:26:46,169.24,166.95,167.55,169.5200 x 2200,169.5600 x 800,26350440
600,27-9-2018  15:27:15,169.21,166.95,167.55,169.59 x 2200,169.59 x 800,26350440
601,27-9-2018  15:27:43,169.15,166.95,167.55,169.5900 x 2200,169.5900 x 800,26350440
602,27-9-2018  15:28:12,169.16,166.95,167.55,169.57 x 2200,169.57 x 800,26350440
603,27-9-2018  15:28:41,169.13,166.95,167.55,169.57 x 2200,169.57 x 800,26350440
604,27-9-2018  15:29:10,169.14,166.95,167.55,169.5700 x 2200,169.5400 x 800,26350440
605,27-9-2018  15:29:40,169.12,166.95,167.55,169.51 x 2200,169.49 x 800,26350440
606,27-9-2018  15:30:9,169.18,166.95,167.55,169.54 x 1400,169.49 x 800,26350440
607,27-9-2018  15:30:38,169.12,166.95,167.55,169.54 x 1400,169.56 x 900,26350440
608,27-9-2018  15:31:6,169.12,166.95,167.55,169.58 x 1400,169.54 x 900,26350440
609,27-9-2018  15:31:35,169.18,166.95,167.55,169.58 x 1400,169.54 x 900,26350440
610,27-9-2018  15:32:4,169.03,166.95,167.55,169.53 x 1400,169.54 x 900,26350440
611,27-9-2018  15:32:32,169.06,166.95,167.55,169.57 x 800,169.54 x 900,26350440
612,27-9-2018  15:33:1,169.095,166.95,167.55,169.5700 x 800,169.6100 x 1000,26350440
613,27-9-2018  15:33:30,169.12,166.95,167.55,169.61 x 800,169.61 x 1000,26350440
614,27-9-2018  15:33:59,169.18,166.95,167.55,169.61 x 800,169.54 x 1000,26350440
615,27-9-2018  15:34:27,169.17,166.95,167.55,169.46 x 800,169.46 x 1000,26350440
616,27-9-2018  15:34:56,169.19,166.95,167.55,169.53 x 800,169.55 x 1000,26350440
617,27-9-2018  15:35:25,169.07,166.95,167.55,169.53 x 800,169.55 x 1000,26350440
618,27-9-2018  15:35:54,169.09,166.95,167.55,169.57 x 800,169.55 x 800,26350440
619,27-9-2018  15:36:23,169,166.95,167.55,169.33 x 800,169.55 x 800,26350440
620,27-9-2018  15:36:52,169.13,166.95,167.55,169.33 x 800,169.38 x 800,26350440
621,27-9-2018  15:37:21,169.09,166.95,167.55,169.37 x 800,169.35 x 800,26350440
622,27-9-2018  15:37:50,169.03,166.95,167.55,169.37 x 800,169.35 x 800,26350440
623,27-9-2018  15:38:19,169.01,166.95,167.55,169.34 x 800,169.38 x 900,26350440
624,27-9-2018  15:38:48,169.023,166.95,167.55,169.2200 x 800,169.3800 x 900,26350440
625,27-9-2018  15:39:17,169.03,166.95,167.55,169.22 x 800,169.23 x 900,26350440
626,27-9-2018  15:39:45,169.03,166.95,167.55,169.29 x 800,169.31 x 900,26350440
627,27-9-2018  15:40:15,169.07,166.95,167.55,169.29 x 800,169.31 x 900,26350440
628,27-9-2018  15:40:44,169.06,166.95,167.55,169.22 x 800,169.25 x 900,26350440
629,27-9-2018  15:41:12,169.24,166.95,167.55,169.2900 x 800,169.2500 x 900,26350440
630,27-9-2018  15:41:40,169.2765,166.95,167.55,169.2900 x 800,169.2800 x 900,26350440
631,27-9-2018  15:42:9,169.25,166.95,167.55,169.23 x 1000,169.25 x 900,26350440
632,27-9-2018  15:42:37,169.32,166.95,167.55,169.2300 x 1000,169.2500 x 900,26350440
633,27-9-2018  15:43:6,169.38,166.95,167.55,169.15 x 1000,169.17 x 900,26350440
634,27-9-2018  15:43:35,169.29,166.95,167.55,169.1600 x 1000,169.1600 x 900,26350440
635,27-9-2018  15:44:3,169.3,166.95,167.55,169.16 x 1000,169.16 x 900,26350440
636,27-9-2018  15:44:33,169.37,166.95,167.55,169.12 x 1000,169.13 x 900,26350440
637,27-9-2018  15:45:1,169.277,166.95,167.55,169.120 x 1000,169.130 x 900,26350440
638,27-9-2018  15:45:30,169.23,166.95,167.55,169.16 x 1100,169.17 x 900,26350440
639,27-9-2018  15:45:59,169.29,166.95,167.55,169.12 x 1100,169.13 x 900,26350440
640,27-9-2018  15:46:28,169.34,166.95,167.55,169.12 x 1100,169.13 x 900,26350440
641,27-9-2018  15:46:57,169.345,166.95,167.55,169.200 x 1100,169.210 x 900,26350440
642,27-9-2018  15:47:25,169.25,166.95,167.55,169.08 x 900,169.09 x 900,26350440
643,27-9-2018  15:47:54,169.24,166.95,167.55,169.0800 x 900,169.0900 x 900,26350440
644,27-9-2018  15:48:23,169.23,166.95,167.55,169.09 x 1400,169.09 x 800,26350440
645,27-9-2018  15:48:51,169.2,166.95,167.55,169.09 x 1400,169.09 x 800,26350440
646,27-9-2018  15:49:20,169.01,166.95,167.55,169.16 x 1400,169.19 x 800,26350440
647,27-9-2018  15:49:49,169.02,166.95,167.55,169.170 x 1400,169.180 x 1100,26350440
648,27-9-2018  15:50:18,169.0451,166.95,167.55,169.1700 x 1400,169.1800 x 1100,26350440
649,27-9-2018  15:50:46,169.15,166.95,167.55,169.06 x 1400,169.06 x 1100,26350440
650,27-9-2018  15:51:15,169.155,166.95,167.55,169.060 x 1400,169.060 x 1100,26350440
651,27-9-2018  15:51:45,168.98,166.95,167.55,169.02 x 1400,169.04 x 1100,26350440
652,27-9-2018  15:52:14,168.96,166.95,167.55,169.11 x 1400,169.12 x 2200,26350440
653,27-9-2018  15:52:43,168.99,166.95,167.55,169.11 x 1400,169.12 x 2200,26350440
654,27-9-2018  15:53:12,169.015,166.95,167.55,169.030 x 1400,169.050 x 2200,26350440
655,27-9-2018  15:53:41,169.075,166.95,167.55,169.030 x 1400,169.050 x 2200,26350440
656,27-9-2018  15:54:9,169.115,166.95,167.55,169.010 x 800,169.020 x 2200,26350440
657,27-9-2018  15:54:38,169.25,166.95,167.55,169.03 x 800,169.05 x 2200,26350440
658,27-9-2018  15:55:7,169.185,166.95,167.55,169.030 x 800,169.050 x 2200,26350440
659,27-9-2018  15:55:36,169.17,166.95,167.55,169.09 x 800,169.10 x 2200,26350440
660,27-9-2018  15:56:5,169.24,166.95,167.55,169.0900 x 800,169.1800 x 2200,26350440
661,27-9-2018  15:56:34,169.27,166.95,167.55,169.18 x 800,169.18 x 2200,26350440
662,27-9-2018  15:57:3,169.19,166.95,167.55,169.24 x 800,169.26 x 2200,26350440
663,27-9-2018  15:57:32,169.27,166.95,167.55,169.24 x 800,169.26 x 2200,26350440
664,27-9-2018  15:58:1,169.26,166.95,167.55,169.31 x 800,169.32 x 2200,26350440
665,27-9-2018  15:58:29,169.055,166.95,167.55,169.38 x 800,169.38 x 2200,26350440
666,27-9-2018  15:58:58,168.93,166.95,167.55,169.38 x 800,169.38 x 2200,26350440
667,27-9-2018  15:59:27,168.84,166.95,167.55,169.31 x 800,169.33 x 2200,26350440
668,,,,,,,
669,,,,,,,
670,,,,,,,
671,,,,,,,
672,,,,,,,
673,,,,,,,
674,,,,,,,
675,,,,,,,
676,,,,,,,
