,time,Main Price,Prev Close,Open,Bid,Ask,Volume
1,27-9-2018  10:39:37,1197.65,1180.49,1186.73,1198.90 x 1000,1199.47 x 800,1413656
2,27-9-2018  10:40:6,1197.69,1180.49,1186.73,1198.90 x 1000,1199.47 x 800,1413656
3,27-9-2018  10:40:35,1197.51,1180.49,1186.73,1198.45 x 1000,1199.19 x 800,1413656
4,27-9-2018  10:41:4,1197.35,1180.49,1186.73,1198.4500 x 1000,1199.1300 x 800,1413656
5,27-9-2018  10:41:33,1198,1180.49,1186.73,1198.18 x 1000,1199.13 x 800,1413656
6,27-9-2018  10:42:1,1197.71,1180.49,1186.73,1198.00 x 1000,1198.71 x 800,1413656
7,27-9-2018  10:42:30,1197.82,1180.49,1186.73,1198.00 x 1000,1198.71 x 800,1413656
8,27-9-2018  10:42:59,1197.84,1180.49,1186.73,1198.54 x 1000,1198.98 x 800,1413656
9,27-9-2018  10:43:28,1197.97,1180.49,1186.73,1198.59 x 1000,1198.85 x 800,1413656
10,27-9-2018  10:43:56,1197.97,1180.49,1186.73,1198.59 x 1000,1198.85 x 800,1413656
11,27-9-2018  10:44:25,1197.24,1180.49,1186.73,1198.00 x 1000,1198.56 x 800,1413656
12,27-9-2018  10:44:53,1197.25,1180.49,1186.73,1198.05 x 1000,1198.50 x 800,1413656
13,27-9-2018  10:45:24,1197.3,1180.49,1186.73,1198.05 x 1000,1198.50 x 800,1413656
14,27-9-2018  10:45:53,1197.59,1180.49,1186.73,1197.71 x 1000,1198.22 x 800,1413656
15,27-9-2018  10:46:21,1198,1180.49,1186.73,1197.71 x 1000,1198.22 x 800,1413656
16,27-9-2018  10:46:50,1198,1180.49,1186.73,1197.60 x 1000,1198.30 x 800,1413656
17,27-9-2018  10:47:18,1198.75,1180.49,1186.73,1197.60 x 1000,1198.30 x 800,1413656
18,27-9-2018  10:47:48,1199,1180.49,1186.73,1197.71 x 1000,1197.94 x 800,1413656
19,27-9-2018  10:48:17,1198.68,1180.49,1186.73,1197.71 x 1000,1197.94 x 800,1413656
20,27-9-2018  10:48:46,1199.19,1180.49,1186.73,1197.15 x 1000,1197.65 x 800,1413656
21,27-9-2018  10:49:15,1199.1622,1180.49,1186.73,1197.1500 x 1000,1197.6500 x 800,1413656
22,27-9-2018  10:49:44,1199.24,1180.49,1186.73,1197.26 x 1000,1197.61 x 800,1413656
23,27-9-2018  10:50:13,1199.24,1180.49,1186.73,1197.12 x 1000,1197.92 x 800,1413656
24,27-9-2018  10:50:42,1199.05,1180.49,1186.73,1197.12 x 1000,1197.92 x 800,1413656
25,27-9-2018  10:51:11,1199.06,1180.49,1186.73,1196.90 x 1000,1197.38 x 800,1413656
26,27-9-2018  10:51:40,1199.23,1180.49,1186.73,1196.90 x 1000,1197.38 x 800,1413656
27,27-9-2018  10:52:8,1198.27,1180.49,1186.73,1196.9800 x 1000,1197.5699 x 800,1413656
28,27-9-2018  10:52:37,1199.22,1180.49,1186.73,1196.98 x 1000,1197.57 x 800,1413656
29,27-9-2018  10:53:6,1199.22,1180.49,1186.73,1197.210 x 1000,1197.720 x 800,1413656
30,27-9-2018  10:53:35,1199.22,1180.49,1186.73,1197.210 x 1000,1197.720 x 800,1413656
31,27-9-2018  10:54:3,1199.2085,1180.49,1186.73,1197.3000 x 1000,1197.9000 x 800,1413656
32,27-9-2018  10:54:31,1199.2188,1180.49,1186.73,1197.3000 x 1000,1197.9000 x 800,1413656
33,27-9-2018  10:55:0,1199.02,1180.49,1186.73,1197.46 x 1000,1197.99 x 800,1413656
34,27-9-2018  10:55:28,1198.61,1180.49,1186.73,1197.46 x 1000,1197.99 x 800,1413656
35,27-9-2018  10:55:57,1198.61,1180.49,1186.73,1197.09 x 1000,1197.63 x 800,1413656
36,27-9-2018  10:56:25,1198.72,1180.49,1186.73,1197.09 x 1000,1197.63 x 800,1413656
37,27-9-2018  10:56:53,1198.1842,1180.49,1186.73,1197.1700 x 1000,1197.8700 x 800,1413656
38,27-9-2018  10:57:22,1198.18,1180.49,1186.73,1197.66 x 1000,1197.83 x 800,1413656
39,27-9-2018  10:57:50,1199.04,1180.49,1186.73,1197.66 x 1000,1197.83 x 800,1413656
40,27-9-2018  10:58:19,1198.895,1180.49,1186.73,1197.650 x 1000,1197.870 x 800,1413656
41,27-9-2018  10:58:48,1198.97,1180.49,1186.73,1197.65 x 1000,1197.87 x 800,1413656
42,27-9-2018  10:59:16,1198.8,1180.49,1186.73,1198.08 x 1000,1198.24 x 800,1413656
43,27-9-2018  10:59:44,1199.3,1180.49,1186.73,1197.24 x 1000,1197.50 x 800,1413656
44,27-9-2018  11:0:12,1199.23,1180.49,1186.73,1197.24 x 1000,1197.50 x 800,1413656
45,27-9-2018  11:0:41,1199.38,1180.49,1186.73,1197.11 x 1000,1197.49 x 800,1413656
46,27-9-2018  11:1:9,1199.53,1180.49,1186.73,1197.38 x 1000,1197.49 x 800,1413656
47,27-9-2018  11:1:38,1199.57,1180.49,1186.73,1197.38 x 1000,1197.49 x 800,1413656
48,27-9-2018  11:2:6,1199.5825,1180.49,1186.73,1197.3800 x 1000,1197.4900 x 800,1413656
49,27-9-2018  11:2:35,1199.33,1180.49,1186.73,1197.52 x 1000,1198.19 x 800,1413656
50,27-9-2018  11:3:4,1198.89,1180.49,1186.73,1198.47 x 1000,1198.78 x 800,1413656
51,27-9-2018  11:3:32,1199.11,1180.49,1186.73,1198.47 x 1000,1198.78 x 800,1413656
52,27-9-2018  11:4:1,1199.11,1180.49,1186.73,1198.66 x 1000,1199.22 x 800,1413656
53,27-9-2018  11:4:29,1199.3345,1180.49,1186.73,1198.6600 x 1000,1199.2200 x 800,1413656
54,27-9-2018  11:4:58,1199.33,1180.49,1186.73,1199.00 x 1000,1199.20 x 800,1413656
55,27-9-2018  11:5:26,1199.33,1180.49,1186.73,1199.00 x 1000,1199.31 x 800,1413656
56,27-9-2018  11:5:55,1199.29,1180.49,1186.73,1199.00 x 1000,1199.31 x 800,1413656
57,27-9-2018  11:6:24,1198.81,1180.49,1186.73,1198.900 x 1000,1199.230 x 800,1413656
58,27-9-2018  11:6:53,1198.78,1180.49,1186.73,1198.80 x 1000,1199.23 x 800,1413656
59,27-9-2018  11:7:22,1198.77,1180.49,1186.73,1198.80 x 1000,1199.23 x 800,1413656
60,27-9-2018  11:7:50,1198.94,1180.49,1186.73,1198.80 x 1000,1199.23 x 800,1413656
61,27-9-2018  11:8:19,1198.7947,1180.49,1186.73,1198.4600 x 1000,1199.8101 x 800,1413656
62,27-9-2018  11:8:47,1198.64,1180.49,1186.73,1198.930 x 1000,1199.310 x 800,1413656
63,27-9-2018  11:9:16,1198.235,1180.49,1186.73,1198.930 x 1000,1199.310 x 800,1413656
64,27-9-2018  11:9:45,1198.505,1180.49,1186.73,1199.250 x 1000,1199.310 x 800,1413656
65,27-9-2018  11:10:13,1198.71,1180.49,1186.73,1198.76 x 1000,1199.37 x 800,1413656
66,27-9-2018  11:10:42,1198.13,1180.49,1186.73,1198.76 x 1000,1199.37 x 800,1413656
67,27-9-2018  11:11:10,1197.85,1180.49,1186.73,1198.46 x 1000,1199.16 x 800,1413656
68,27-9-2018  11:11:39,1197.73,1180.49,1186.73,1198.46 x 1000,1199.16 x 800,1413656
69,27-9-2018  11:12:8,1197.486,1180.49,1186.73,1198.460 x 1000,1199.160 x 800,1413656
70,27-9-2018  11:12:36,1197.02,1180.49,1186.73,1198.81 x 1000,1199.36 x 800,1413656
71,27-9-2018  11:13:5,1197.02,1180.49,1186.73,1198.81 x 1000,1199.36 x 800,1413656
72,27-9-2018  11:13:34,1196.67,1180.49,1186.73,1198.81 x 1000,1199.06 x 800,1413656
73,27-9-2018  11:14:2,1196.565,1180.49,1186.73,1198.810 x 1000,1199.060 x 800,1413656
74,27-9-2018  11:14:31,1196.2,1180.49,1186.73,1198.7100 x 1000,1198.9700 x 800,1413656
75,27-9-2018  11:14:59,1195.73,1180.49,1186.73,1198.56 x 1000,1198.97 x 800,1413656
76,27-9-2018  11:15:28,1195.63,1180.49,1186.73,1199.17 x 1000,1199.45 x 800,1413656
77,27-9-2018  11:15:57,1195.39,1180.49,1186.73,1199.09 x 1000,1199.38 x 800,1413656
78,27-9-2018  11:16:25,1195.39,1180.49,1186.73,1199.09 x 1000,1199.38 x 800,1413656
79,27-9-2018  11:16:54,1195.39,1180.49,1186.73,1199.14 x 1000,1199.66 x 800,1413656
80,27-9-2018  11:17:23,1195.71,1180.49,1186.73,1199.14 x 1000,1199.66 x 800,1413656
81,27-9-2018  11:17:51,1195.71,1180.49,1186.73,1199.20 x 1000,1199.65 x 800,1413656
82,27-9-2018  11:18:20,1195.4,1180.49,1186.73,1198.90 x 1000,1199.31 x 800,1413656
83,27-9-2018  11:18:48,1194.85,1180.49,1186.73,1198.90 x 1000,1199.31 x 800,1413656
84,27-9-2018  11:19:17,1194.65,1180.49,1186.73,1199.20 x 1000,1199.61 x 800,1413656
85,27-9-2018  11:19:45,1194.74,1180.49,1186.73,1199.20 x 1000,1199.43 x 800,1413656
86,27-9-2018  11:20:13,1195.55,1180.49,1186.73,1199.20 x 1000,1199.43 x 800,1413656
87,27-9-2018  11:20:42,1195.6989,1180.49,1186.73,1199.2000 x 1000,1199.4301 x 800,1413656
88,27-9-2018  11:21:11,1194.52,1180.49,1186.73,1199.18 x 1000,1199.54 x 800,1413656
89,27-9-2018  11:21:39,1194.62,1180.49,1186.73,1198.79 x 1000,1199.04 x 800,1413656
90,27-9-2018  11:22:8,1194.78,1180.49,1186.73,1198.79 x 1000,1199.04 x 800,1413656
91,27-9-2018  11:22:37,1194.78,1180.49,1186.73,1198.58 x 1000,1198.99 x 800,1413656
92,27-9-2018  11:23:6,1194.76,1180.49,1186.73,1198.58 x 1000,1198.99 x 800,1413656
93,27-9-2018  11:23:34,1194.76,1180.49,1186.73,1198.65 x 1000,1198.95 x 800,1413656
94,27-9-2018  11:24:3,1194.58,1180.49,1186.73,1198.65 x 1000,1198.95 x 800,1413656
95,27-9-2018  11:24:32,1194.88,1180.49,1186.73,1198.41 x 1000,1198.76 x 800,1413656
96,27-9-2018  11:25:1,1194.42,1180.49,1186.73,1198.26 x 1000,1198.68 x 800,1413656
97,27-9-2018  11:25:30,1193.93,1180.49,1186.73,1198.26 x 1000,1198.68 x 800,1413656
98,27-9-2018  11:25:59,1193.79,1180.49,1186.73,1197.47 x 1000,1198.37 x 800,1413656
99,27-9-2018  11:26:28,1193.52,1180.49,1186.73,1197.47 x 1000,1198.37 x 800,1413656
100,27-9-2018  11:26:57,1193.65,1180.49,1186.73,1197.47 x 1000,1198.37 x 800,1413656
101,27-9-2018  11:27:26,1193.72,1180.49,1186.73,1197.13 x 1000,1198.05 x 800,1413656
102,27-9-2018  11:27:54,1193.67,1180.49,1186.73,1197.130 x 1000,1197.740 x 800,1413656
103,27-9-2018  11:28:23,1194.29,1180.49,1186.73,1196.64 x 1000,1197.00 x 800,1413656
104,27-9-2018  11:28:51,1194.2,1180.49,1186.73,1196.64 x 1000,1197.00 x 800,1413656
105,27-9-2018  11:29:20,1194.2,1180.49,1186.73,1196.630 x 1000,1196.820 x 800,1413656
106,27-9-2018  11:29:48,1193.31,1180.49,1186.73,1196.63 x 1000,1196.82 x 800,1413656
107,27-9-2018  11:30:17,1193.51,1180.49,1186.73,1196.06 x 1000,1196.49 x 800,1413656
108,27-9-2018  11:30:45,1193.35,1180.49,1186.73,1196.06 x 1000,1196.49 x 800,1413656
109,27-9-2018  11:31:14,1193.4,1180.49,1186.73,1195.33 x 1000,1195.75 x 800,1413656
110,27-9-2018  11:31:42,1193.3,1180.49,1186.73,1195.33 x 1000,1195.75 x 800,1413656
111,27-9-2018  11:32:10,1193.67,1180.49,1186.73,1195.06 x 1000,1195.88 x 800,1413656
112,27-9-2018  11:32:38,1193.291,1180.49,1186.73,1195.060 x 1000,1195.880 x 800,1413656
113,27-9-2018  11:33:7,1194.16,1180.49,1186.73,1195.42 x 1000,1195.84 x 800,1413656
114,27-9-2018  11:33:35,1194.155,1180.49,1186.73,1195.4200 x 1000,1195.8199 x 800,1413656
115,27-9-2018  11:34:4,1194.91,1180.49,1186.73,1195.42 x 1000,1195.82 x 800,1413656
116,27-9-2018  11:34:33,1194.91,1180.49,1186.73,1194.01 x 1000,1195.51 x 800,1413656
117,27-9-2018  11:35:1,1194.66,1180.49,1186.73,1194.01 x 1000,1195.51 x 800,1413656
118,27-9-2018  11:35:30,1194.65,1180.49,1186.73,1194.730 x 1000,1195.150 x 800,1413656
119,27-9-2018  11:35:58,1194.39,1180.49,1186.73,1195.47 x 1000,1195.69 x 800,1413656
120,27-9-2018  11:36:26,1194.8564,1180.49,1186.73,1195.4700 x 1000,1195.6899 x 800,1413656
121,27-9-2018  11:36:55,1194.86,1180.49,1186.73,1194.79 x 1000,1195.69 x 800,1413656
122,27-9-2018  11:37:24,1194.24,1180.49,1186.73,1194.79 x 1000,1195.69 x 800,1413656
123,27-9-2018  11:37:54,1194.47,1180.49,1186.73,1194.6100 x 1000,1194.8500 x 800,1413656
124,27-9-2018  11:38:22,1193.71,1180.49,1186.73,1194.39 x 1000,1195.01 x 800,1413656
125,27-9-2018  11:38:50,1193.72,1180.49,1186.73,1194.39 x 1000,1195.01 x 800,1413656
126,27-9-2018  11:39:19,1193.72,1180.49,1186.73,1194.62 x 1000,1195.23 x 800,1413656
127,27-9-2018  11:39:47,1193.6989,1180.49,1186.73,1194.6200 x 1000,1195.2300 x 800,1413656
128,27-9-2018  11:40:15,1193.7,1180.49,1186.73,1194.59 x 1000,1195.00 x 800,1413656
129,27-9-2018  11:40:44,1193.7,1180.49,1186.73,1193.63 x 1000,1194.10 x 800,1413656
130,27-9-2018  11:41:13,1193.7,1180.49,1186.73,1193.6300 x 1000,1194.1000 x 800,1413656
131,27-9-2018  11:41:41,1194.81,1180.49,1186.73,1193.16 x 1000,1193.80 x 800,1413656
132,27-9-2018  11:42:9,1194.93,1180.49,1186.73,1193.40 x 1000,1193.80 x 800,1413656
133,27-9-2018  11:42:38,1194.82,1180.49,1186.73,1193.40 x 1000,1193.60 x 800,1413656
134,27-9-2018  11:43:6,1194.69,1180.49,1186.73,1193.40 x 1000,1193.60 x 800,1413656
135,27-9-2018  11:43:34,1195,1180.49,1186.73,1193.4000 x 1000,1193.6000 x 800,1413656
136,27-9-2018  11:44:3,1194.85,1180.49,1186.73,1193.90 x 1000,1194.31 x 800,1413656
137,27-9-2018  11:44:31,1195,1180.49,1186.73,1193.90 x 1000,1194.31 x 800,1413656
138,27-9-2018  11:44:59,1195.1274,1180.49,1186.73,1193.2900 x 1000,1193.9900 x 800,1413656
139,27-9-2018  11:45:27,1195.29,1180.49,1186.73,1193.31 x 1000,1193.99 x 800,1413656
140,27-9-2018  11:45:56,1195.06,1180.49,1186.73,1193.31 x 1000,1193.99 x 800,1413656
141,27-9-2018  11:46:25,1195.13,1180.49,1186.73,1193.15 x 1000,1193.64 x 800,1413656
142,27-9-2018  11:46:53,1195.13,1180.49,1186.73,1193.15 x 1000,1193.64 x 800,1413656
143,27-9-2018  11:47:21,1195.29,1180.49,1186.73,1193.15 x 1000,1193.64 x 800,1413656
144,27-9-2018  11:47:50,1194.8912,1180.49,1186.73,1193.2200 x 1000,1193.7600 x 800,1413656
145,27-9-2018  11:48:18,1194.89,1180.49,1186.73,1193.44 x 1000,1193.88 x 800,1413656
146,27-9-2018  11:48:47,1194.89,1180.49,1186.73,1193.44 x 1000,1193.88 x 800,1413656
147,27-9-2018  11:49:15,1194.89,1180.49,1186.73,1193.99 x 1000,1194.47 x 800,1413656
148,27-9-2018  11:49:43,1194.89,1180.49,1186.73,1193.99 x 1000,1194.47 x 800,1413656
149,27-9-2018  11:50:12,1195.29,1180.49,1186.73,1194.78 x 1000,1194.90 x 800,1413656
150,27-9-2018  11:50:41,1194.71,1180.49,1186.73,1194.78 x 1000,1194.90 x 800,1413656
151,27-9-2018  11:51:10,1195.29,1180.49,1186.73,1194.52 x 1000,1194.90 x 800,1413656
152,27-9-2018  11:51:39,1195.13,1180.49,1186.73,1194.52 x 1000,1194.86 x 800,1413656
153,27-9-2018  11:52:7,1194.52,1180.49,1186.73,1194.52 x 1000,1194.86 x 800,1413656
154,27-9-2018  11:52:36,1194.52,1180.49,1186.73,1194.07 x 1000,1194.48 x 800,1413656
155,27-9-2018  11:53:4,1194.135,1180.49,1186.73,1194.070 x 1000,1194.470 x 800,1413656
156,27-9-2018  11:53:33,1194.135,1180.49,1186.73,1194.070 x 1000,1194.470 x 800,1413656
157,27-9-2018  11:54:1,1194.135,1180.49,1186.73,1193.580 x 1000,1194.140 x 800,1413656
158,27-9-2018  11:54:30,1195,1180.49,1186.73,1193.58 x 1000,1194.14 x 800,1413656
159,27-9-2018  11:54:58,1195,1180.49,1186.73,1193.19 x 1000,1193.79 x 800,1413656
160,27-9-2018  11:55:27,1195.28,1180.49,1186.73,1193.34 x 1000,1193.82 x 800,1413656
161,27-9-2018  11:55:55,1195.28,1180.49,1186.73,1193.71 x 1000,1193.82 x 800,1413656
162,27-9-2018  11:56:24,1196.36,1180.49,1186.73,1193.71 x 1000,1193.82 x 800,1413656
163,27-9-2018  11:56:53,1196.36,1180.49,1186.73,1194.3900 x 1000,1194.6899 x 800,1413656
164,27-9-2018  11:57:21,1196.5,1180.49,1186.73,1194.39 x 1000,1194.99 x 800,1413656
165,27-9-2018  11:57:50,1196.92,1180.49,1186.73,1194.04 x 1000,1194.99 x 800,1413656
166,27-9-2018  11:58:19,1196.95,1180.49,1186.73,1194.71 x 1000,1195.13 x 800,1413656
167,27-9-2018  11:58:47,1197.25,1180.49,1186.73,1194.71 x 1000,1195.15 x 800,1413656
168,27-9-2018  11:59:16,1197.57,1180.49,1186.73,1194.98 x 1000,1195.15 x 800,1413656
169,27-9-2018  11:59:45,1197.57,1180.49,1186.73,1195.03 x 1000,1195.27 x 800,1413656
170,27-9-2018  12:0:14,1197.61,1180.49,1186.73,1195.03 x 1000,1195.28 x 800,1413656
171,27-9-2018  12:0:43,1197.61,1180.49,1186.73,1195.03 x 1000,1195.28 x 800,1413656
172,27-9-2018  12:1:12,1197.69,1180.49,1186.73,1195.03 x 1000,1195.28 x 800,1413656
173,27-9-2018  12:1:41,1197.68,1180.49,1186.73,1195.03 x 1000,1195.28 x 800,1413656
174,27-9-2018  12:2:10,1197.55,1180.49,1186.73,1194.54 x 1000,1195.28 x 800,1413656
175,27-9-2018  12:2:38,1197.56,1180.49,1186.73,1194.54 x 1000,1195.28 x 800,1413656
176,27-9-2018  12:3:7,1197.59,1180.49,1186.73,1194.54 x 1000,1195.28 x 800,1413656
177,27-9-2018  12:3:36,1197.59,1180.49,1186.73,1194.4000 x 1000,1195.0500 x 800,1413656
178,27-9-2018  12:4:5,1197.39,1180.49,1186.73,1194.40 x 1000,1195.05 x 800,1413656
179,27-9-2018  12:4:34,1197.4628,1180.49,1186.73,1194.3900 x 1000,1195.0500 x 800,1413656
180,27-9-2018  12:5:2,1198,1180.49,1186.73,1194.39 x 1000,1195.02 x 800,1413656
181,27-9-2018  12:5:30,1197.6368,1180.49,1186.73,1194.7200 x 1000,1195.0100 x 800,1413656
182,27-9-2018  12:5:59,1197.7,1180.49,1186.73,1195.05 x 1000,1195.79 x 800,1413656
183,27-9-2018  12:6:28,1197.7,1180.49,1186.73,1195.05 x 1000,1195.79 x 800,1413656
184,27-9-2018  12:6:56,1197.7,1180.49,1186.73,1194.84 x 1000,1195.16 x 800,1413656
185,27-9-2018  12:7:25,1197.92,1180.49,1186.73,1194.84 x 1000,1195.16 x 800,1413656
186,27-9-2018  12:7:53,1197.69,1180.49,1186.73,1194.21 x 1000,1194.69 x 800,1413656
187,27-9-2018  12:8:22,1197.69,1180.49,1186.73,1194.030 x 1000,1194.690 x 800,1413656
188,27-9-2018  12:8:50,1197.78,1180.49,1186.73,1194.03 x 1000,1194.69 x 800,1413656
189,27-9-2018  12:9:18,1198.15,1180.49,1186.73,1194.03 x 1000,1194.84 x 800,1413656
190,27-9-2018  12:9:47,1198.19,1180.49,1186.73,1194.330 x 1000,1194.990 x 800,1413656
191,27-9-2018  12:10:16,1198.18,1180.49,1186.73,1194.94 x 1000,1194.99 x 800,1413656
192,27-9-2018  12:10:45,1198.18,1180.49,1186.73,1195.09 x 1000,1195.28 x 800,1413656
193,27-9-2018  12:11:13,1198.18,1180.49,1186.73,1195.09 x 1000,1196.24 x 800,1413656
194,27-9-2018  12:11:42,1198.18,1180.49,1186.73,1195.98 x 1000,1196.24 x 800,1413656
195,27-9-2018  12:12:10,1198.18,1180.49,1186.73,1195.98 x 1000,1196.49 x 800,1413656
196,27-9-2018  12:12:39,1198.55,1180.49,1186.73,1196.29 x 1000,1196.50 x 800,1413656
197,27-9-2018  12:13:7,1198.55,1180.49,1186.73,1196.29 x 1000,1196.50 x 800,1413656
198,27-9-2018  12:13:36,1199,1180.49,1186.73,1196.85 x 1000,1196.50 x 800,1413656
199,27-9-2018  12:14:5,1198.82,1180.49,1186.73,1196.85 x 1000,1197.01 x 800,1413656
200,27-9-2018  12:14:33,1199.05,1180.49,1186.73,1196.930 x 1000,1197.610 x 800,1413656
201,27-9-2018  12:15:2,1199.51,1180.49,1186.73,1196.93 x 1000,1197.61 x 800,1413656
202,27-9-2018  12:15:30,1199.584,1180.49,1186.73,1197.050 x 1000,1197.610 x 800,1413656
203,27-9-2018  12:15:59,1199.85,1180.49,1186.73,1197.05 x 1000,1197.61 x 800,1413656
204,27-9-2018  12:16:27,1200.39,1180.49,1186.73,1197.52 x 1000,1197.86 x 800,1413656
205,27-9-2018  12:16:56,1200.55,1180.49,1186.73,1197.52 x 1000,1197.86 x 800,1413656
206,27-9-2018  12:17:25,1199.85,1180.49,1186.73,1197.13 x 1000,1197.67 x 800,1413656
207,27-9-2018  12:17:53,1199.502,1180.49,1186.73,1197.130 x 1000,1197.670 x 800,1413656
208,27-9-2018  12:18:22,1200.2,1180.49,1186.73,1197.41 x 1000,1197.78 x 800,1413656
209,27-9-2018  12:18:50,1199.69,1180.49,1186.73,1197.07 x 1000,1197.41 x 800,1413656
210,27-9-2018  12:19:18,1199.7094,1180.49,1186.73,1197.0699 x 1000,1197.4100 x 800,1413656
211,27-9-2018  12:19:47,1199.62,1180.49,1186.73,1197.23 x 1000,1197.64 x 800,1413656
212,27-9-2018  12:20:15,1199.62,1180.49,1186.73,1197.230 x 1000,1197.640 x 800,1413656
213,27-9-2018  12:20:43,1199.34,1180.49,1186.73,1197.71 x 1000,1197.64 x 800,1413656
214,27-9-2018  12:21:12,1199.39,1180.49,1186.73,1197.70 x 1000,1198.00 x 800,1413656
215,27-9-2018  12:21:40,1199.39,1180.49,1186.73,1197.70 x 1000,1198.00 x 800,1413656
216,27-9-2018  12:22:9,1199.93,1180.49,1186.73,1197.70 x 1000,1198.00 x 800,1413656
217,27-9-2018  12:22:37,1199.54,1180.49,1186.73,1197.73 x 1000,1198.41 x 800,1413656
218,27-9-2018  12:23:6,1199.52,1180.49,1186.73,1197.45 x 1000,1198.41 x 800,1413656
219,27-9-2018  12:23:36,1199.5,1180.49,1186.73,1197.66 x 1000,1197.99 x 800,1413656
220,27-9-2018  12:24:5,1199.295,1180.49,1186.73,1197.660 x 1000,1197.990 x 800,1413656
221,27-9-2018  12:24:33,1199.3,1180.49,1186.73,1197.72 x 1000,1198.15 x 800,1413656
222,27-9-2018  12:25:2,1199.295,1180.49,1186.73,1198.1801 x 1000,1198.6801 x 800,1413656
223,27-9-2018  12:25:30,1199.23,1180.49,1186.73,1198.18 x 1000,1198.68 x 800,1413656
224,27-9-2018  12:25:59,1199.72,1180.49,1186.73,1197.91 x 1000,1198.52 x 800,1413656
225,27-9-2018  12:26:28,1199.72,1180.49,1186.73,1197.91 x 1000,1198.52 x 800,1413656
226,27-9-2018  12:26:56,1199.89,1180.49,1186.73,1197.91 x 1000,1198.52 x 800,1413656
227,27-9-2018  12:27:25,1199.89,1180.49,1186.73,1197.89 x 1000,1198.36 x 800,1413656
228,27-9-2018  12:27:53,1199.89,1180.49,1186.73,1198.20 x 1000,1198.56 x 800,1413656
229,27-9-2018  12:28:22,1199.89,1180.49,1186.73,1198.2000 x 1000,1198.5601 x 800,1413656
230,27-9-2018  12:28:51,1200,1180.49,1186.73,1198.82 x 1000,1199.00 x 800,1413656
231,27-9-2018  12:29:19,1199.75,1180.49,1186.73,1198.82 x 1000,1199.00 x 800,1413656
232,27-9-2018  12:29:48,1199.86,1180.49,1186.73,1198.82 x 1000,1198.99 x 800,1413656
233,27-9-2018  12:30:17,1199.86,1180.49,1186.73,1198.88 x 1000,1199.38 x 800,1413656
234,27-9-2018  12:30:45,1199.86,1180.49,1186.73,1199.47 x 1000,1199.77 x 800,1413656
235,27-9-2018  12:31:14,1199.86,1180.49,1186.73,1199.53 x 1000,1199.77 x 800,1413656
236,27-9-2018  12:31:43,1200,1180.49,1186.73,1199.53 x 1000,1200.14 x 800,1413656
237,27-9-2018  12:32:11,1199.79,1180.49,1186.73,1199.53 x 1000,1200.14 x 800,1413656
238,27-9-2018  12:32:40,1199.6,1180.49,1186.73,1200.18 x 1000,1200.64 x 800,1413656
239,27-9-2018  12:33:10,1199.59,1180.49,1186.73,1200.18 x 1000,1200.64 x 800,1413656
240,27-9-2018  12:33:38,1199.89,1180.49,1186.73,1199.45 x 1000,1199.83 x 800,1413656
241,27-9-2018  12:34:7,1200.08,1180.49,1186.73,1199.39 x 1000,1199.82 x 800,1413656
242,27-9-2018  12:34:35,1200.01,1180.49,1186.73,1199.5400 x 1000,1199.8199 x 800,1413656
243,27-9-2018  12:35:4,1200.01,1180.49,1186.73,1199.5400 x 1000,1199.8199 x 800,1413656
244,27-9-2018  12:35:33,1200,1180.49,1186.73,1199.42 x 1000,1199.94 x 800,1413656
245,27-9-2018  12:36:1,1200.4,1180.49,1186.73,1199.42 x 1000,1199.77 x 800,1413656
246,27-9-2018  12:36:30,1200.31,1180.49,1186.73,1199.36 x 1000,1199.77 x 800,1413656
247,27-9-2018  12:36:58,1200.31,1180.49,1186.73,1199.63 x 1000,1199.76 x 800,1413656
248,27-9-2018  12:37:27,1200.31,1180.49,1186.73,1199.63 x 1000,1199.76 x 800,1413656
249,27-9-2018  12:37:55,1200.62,1180.49,1186.73,1199.11 x 1000,1199.92 x 800,1413656
250,27-9-2018  12:38:24,1201,1180.49,1186.73,1199.11 x 1000,1199.61 x 800,1413656
251,27-9-2018  12:38:53,1201.28,1180.49,1186.73,1199.17 x 1000,1199.77 x 800,1413656
252,27-9-2018  12:39:21,1201.55,1180.49,1186.73,1199.17 x 1000,1199.77 x 800,1413656
253,27-9-2018  12:39:51,1201.8,1180.49,1186.73,1199.17 x 1000,1199.77 x 800,1413656
254,27-9-2018  12:40:19,1201.38,1180.49,1186.73,1199.00 x 1000,1199.27 x 800,1413656
255,27-9-2018  12:40:48,1201.45,1180.49,1186.73,1199.00 x 1000,1199.63 x 800,1413656
256,27-9-2018  12:41:17,1201.38,1180.49,1186.73,1199.00 x 1000,1199.63 x 800,1413656
257,27-9-2018  12:41:45,1201.81,1180.49,1186.73,1199.36 x 1000,1199.89 x 800,1413656
258,27-9-2018  12:42:14,1201.81,1180.49,1186.73,1199.65 x 1000,1199.89 x 800,1413656
259,27-9-2018  12:42:42,1201.85,1180.49,1186.73,1199.50 x 1000,1199.93 x 800,1413656
260,27-9-2018  12:43:11,1202.1,1180.49,1186.73,1199.50 x 1000,1199.93 x 800,1413656
261,27-9-2018  12:43:40,1201.48,1180.49,1186.73,1199.74 x 1000,1199.99 x 800,1413656
262,27-9-2018  12:44:8,1201.48,1180.49,1186.73,1199.68 x 1000,1199.99 x 800,1413656
263,27-9-2018  12:44:37,1201.48,1180.49,1186.73,1199.68 x 1000,1200.13 x 800,1413656
264,27-9-2018  12:45:6,1201.48,1180.49,1186.73,1199.68 x 1000,1200.13 x 800,1413656
265,27-9-2018  12:45:34,1201.48,1180.49,1186.73,1199.2600 x 1000,1199.8700 x 800,1413656
266,27-9-2018  12:46:2,1201.48,1180.49,1186.73,1199.2600 x 1000,1199.8700 x 800,1413656
267,27-9-2018  12:46:31,1201.79,1180.49,1186.73,1199.35 x 1000,1199.87 x 800,1413656
268,27-9-2018  12:47:0,1201.59,1180.49,1186.73,1199.49 x 1000,1199.88 x 800,1413656
269,27-9-2018  12:47:28,1201.59,1180.49,1186.73,1199.500 x 1000,1199.860 x 800,1413656
270,27-9-2018  12:47:57,1201.5,1180.49,1186.73,1199.50 x 1000,1199.86 x 800,1413656
271,27-9-2018  12:48:26,1201.48,1180.49,1186.73,1199.50 x 1000,1199.77 x 800,1413656
272,27-9-2018  12:48:55,1201.39,1180.49,1186.73,1199.50 x 1000,1199.77 x 800,1413656
273,27-9-2018  12:49:23,1201.39,1180.49,1186.73,1199.80 x 1000,1200.24 x 800,1413656
274,27-9-2018  12:49:52,1201.39,1180.49,1186.73,1199.80 x 1000,1200.24 x 800,1413656
275,27-9-2018  12:50:21,1201.77,1180.49,1186.73,1199.700 x 1000,1200.150 x 800,1413656
276,27-9-2018  12:50:49,1201.04,1180.49,1186.73,1200.15 x 1000,1199.99 x 800,1413656
277,27-9-2018  12:51:18,1201.25,1180.49,1186.73,1200.15 x 1000,1199.99 x 800,1413656
278,27-9-2018  12:51:47,1201.07,1180.49,1186.73,1200.20 x 1000,1200.46 x 800,1413656
279,27-9-2018  12:52:16,1200.2,1180.49,1186.73,1200.20 x 1000,1200.46 x 800,1413656
280,27-9-2018  12:52:44,1200.2,1180.49,1186.73,1200.24 x 1000,1200.70 x 800,1413656
281,27-9-2018  12:53:13,1200.2,1180.49,1186.73,1200.60 x 1000,1200.86 x 800,1413656
282,27-9-2018  12:53:42,1200.2,1180.49,1186.73,1200.60 x 1000,1200.86 x 800,1413656
283,27-9-2018  12:54:11,1200.2,1180.49,1186.73,1201.10 x 1000,1201.53 x 800,1413656
284,27-9-2018  12:54:40,1200.2,1180.49,1186.73,1201.52 x 1000,1201.98 x 800,1413656
285,27-9-2018  12:55:9,1200.89,1180.49,1186.73,1201.52 x 1000,1201.98 x 800,1413656
286,27-9-2018  12:55:38,1200.82,1180.49,1186.73,1201.20 x 1000,1201.54 x 800,1413656
287,27-9-2018  12:56:6,1200.14,1180.49,1186.73,1201.2000 x 1000,1201.5400 x 800,1413656
288,27-9-2018  12:56:34,1200.14,1180.49,1186.73,1201.01 x 1000,1201.73 x 800,1413656
289,27-9-2018  12:57:3,1200.14,1180.49,1186.73,1201.01 x 1000,1201.80 x 800,1413656
290,27-9-2018  12:57:32,1200.38,1180.49,1186.73,1201.37 x 1000,1201.80 x 800,1413656
291,27-9-2018  12:58:1,1200.46,1180.49,1186.73,1201.49 x 1000,1201.91 x 800,1413656
292,27-9-2018  12:58:29,1199.71,1180.49,1186.73,1201.49 x 1000,1201.91 x 800,1413656
293,27-9-2018  12:58:58,1199.44,1180.49,1186.73,1200.87 x 1000,1201.65 x 800,1413656
294,27-9-2018  12:59:26,1199.27,1180.49,1186.73,1200.87 x 1000,1201.65 x 800,1413656
295,27-9-2018  12:59:55,1198.53,1180.49,1186.73,1201.27 x 1000,1201.41 x 800,1413656
296,27-9-2018  13:0:25,1198.75,1180.49,1186.73,1201.27 x 1000,1201.80 x 800,1413656
297,27-9-2018  13:0:54,1198.83,1180.49,1186.73,1201.28 x 1000,1201.98 x 800,1413656
298,27-9-2018  13:1:22,1198.27,1180.49,1186.73,1201.28 x 1000,1201.98 x 800,1413656
299,27-9-2018  13:1:51,1198.27,1180.49,1186.73,1201.32 x 1000,1201.81 x 800,1413656
300,27-9-2018  13:2:20,1198.332,1180.49,1186.73,1201.320 x 1000,1201.810 x 800,1413656
301,27-9-2018  13:2:48,1198.332,1180.49,1186.73,1201.3300 x 1000,1201.7400 x 800,1413656
302,27-9-2018  13:3:16,1199.43,1180.49,1186.73,1201.50 x 1000,1201.74 x 800,1413656
303,27-9-2018  13:3:45,1199.43,1180.49,1186.73,1201.010 x 1000,1201.570 x 800,1413656
304,27-9-2018  13:4:14,1199.43,1180.49,1186.73,1201.010 x 1000,1201.570 x 800,1413656
305,27-9-2018  13:4:43,1199.43,1180.49,1186.73,1201.29 x 1000,1201.58 x 800,1413656
306,27-9-2018  13:5:11,1199.4301,1180.49,1186.73,1201.2900 x 1000,1201.5800 x 800,1413656
307,27-9-2018  13:5:41,1199.43,1180.49,1186.73,1201.64 x 1000,1201.77 x 800,1413656
308,27-9-2018  13:6:9,1199.43,1180.49,1186.73,1201.64 x 1000,1201.77 x 800,1413656
309,27-9-2018  13:6:38,1199.43,1180.49,1186.73,1201.07 x 1000,1201.53 x 800,1413656
310,27-9-2018  13:7:8,1199.43,1180.49,1186.73,1200.96 x 1000,1201.28 x 800,1413656
311,27-9-2018  13:7:37,1198.86,1180.49,1186.73,1200.96 x 1000,1201.28 x 800,1413656
312,27-9-2018  13:8:7,1199.01,1180.49,1186.73,1200.1100 x 1000,1200.6700 x 800,1413656
313,27-9-2018  13:8:36,1199.01,1180.49,1186.73,1200.1100 x 1000,1200.6700 x 800,1413656
314,27-9-2018  13:9:5,1199.01,1180.49,1186.73,1200.2900 x 1000,1200.8000 x 800,1413656
315,27-9-2018  13:9:34,1199.01,1180.49,1186.73,1200.2900 x 1000,1200.8000 x 800,1413656
316,27-9-2018  13:10:2,1199.01,1180.49,1186.73,1200.2900 x 1000,1200.8000 x 800,1413656
317,27-9-2018  13:10:32,1199.71,1180.49,1186.73,1200.62 x 1000,1201.07 x 800,1413656
318,27-9-2018  13:11:1,1199.71,1180.49,1186.73,1200.28 x 1000,1200.67 x 800,1413656
319,27-9-2018  13:11:30,1199.47,1180.49,1186.73,1200.28 x 1000,1200.67 x 800,1413656
320,27-9-2018  13:11:59,1199.8745,1180.49,1186.73,1200.2800 x 1000,1200.6700 x 800,1413656
321,27-9-2018  13:12:28,1199.31,1180.49,1186.73,1200.15 x 1000,1200.60 x 800,1413656
322,27-9-2018  13:12:57,1199.31,1180.49,1186.73,1200.11 x 1000,1200.79 x 800,1413656
323,27-9-2018  13:13:25,1199.52,1180.49,1186.73,1200.00 x 1000,1200.12 x 800,1413656
324,27-9-2018  13:13:54,1199.52,1180.49,1186.73,1200.00 x 1000,1200.12 x 800,1413656
325,27-9-2018  13:14:23,1199.52,1180.49,1186.73,1200.00 x 1000,1200.12 x 800,1413656
326,27-9-2018  13:14:51,1199.91,1180.49,1186.73,1199.07 x 1000,1198.87 x 800,1413656
327,27-9-2018  13:15:21,1199.91,1180.49,1186.73,1198.01 x 1000,1198.87 x 800,1413656
328,27-9-2018  13:15:50,1199.91,1180.49,1186.73,1198.01 x 1000,1198.87 x 800,1413656
329,27-9-2018  13:16:18,1199.908,1180.49,1186.73,1198.0100 x 1000,1198.8700 x 800,1413656
330,27-9-2018  13:16:47,1200,1180.49,1186.73,1198.27 x 1000,1198.97 x 800,1413656
331,27-9-2018  13:17:16,1200.03,1180.49,1186.73,1198.27 x 1000,1198.97 x 800,1413656
332,27-9-2018  13:17:45,1200.03,1180.49,1186.73,1198.27 x 1000,1198.97 x 800,1413656
333,27-9-2018  13:18:14,1200.03,1180.49,1186.73,1198.52 x 1000,1199.43 x 800,1413656
334,27-9-2018  13:18:42,1200.17,1180.49,1186.73,1198.52 x 1000,1199.43 x 800,1413656
335,27-9-2018  13:19:11,1200.26,1180.49,1186.73,1199.05 x 1000,1199.54 x 800,1413656
336,27-9-2018  13:19:40,1200,1180.49,1186.73,1199.05 x 1000,1199.54 x 800,1413656
337,27-9-2018  13:20:8,1199.86,1180.49,1186.73,1199.05 x 1000,1199.54 x 800,1413656
338,27-9-2018  13:20:37,1199.86,1180.49,1186.73,1198.71 x 1000,1199.07 x 800,1413656
339,27-9-2018  13:21:6,1199.86,1180.49,1186.73,1198.71 x 1000,1199.49 x 800,1413656
340,27-9-2018  13:21:35,1199.7,1180.49,1186.73,1199.00 x 1000,1199.66 x 800,1413656
341,27-9-2018  13:22:4,1199.7,1180.49,1186.73,1199.00 x 1000,1199.66 x 800,1413656
342,27-9-2018  13:22:33,1199.7,1180.49,1186.73,1198.78 x 1000,1199.34 x 800,1413656
343,27-9-2018  13:23:1,1199.69,1180.49,1186.73,1198.89 x 1000,1199.33 x 800,1413656
344,27-9-2018  13:23:30,1199.2736,1180.49,1186.73,1198.8900 x 1000,1199.3300 x 800,1413656
345,27-9-2018  13:23:59,1199.2736,1180.49,1186.73,1198.8900 x 1000,1199.3300 x 800,1413656
346,27-9-2018  13:24:28,1199.659,1180.49,1186.73,1199.020 x 1000,1199.150 x 800,1413656
347,27-9-2018  13:24:57,1199.659,1180.49,1186.73,1199.020 x 1000,1199.150 x 800,1413656
348,27-9-2018  13:25:26,1199.66,1180.49,1186.73,1199.52 x 1000,1199.87 x 800,1413656
349,27-9-2018  13:25:55,1199.364,1180.49,1186.73,1199.520 x 1000,1199.870 x 800,1413656
350,27-9-2018  13:26:24,1199.31,1180.49,1186.73,1199.51 x 1000,1200.00 x 800,1413656
351,27-9-2018  13:26:53,1199.3101,1180.49,1186.73,1199.5100 x 1000,1199.7600 x 800,1413656
352,27-9-2018  13:27:22,1199.5,1180.49,1186.73,1199.63 x 1000,1199.76 x 800,1413656
353,27-9-2018  13:27:51,1200.6,1180.49,1186.73,1199.63 x 1000,1199.76 x 800,1413656
354,27-9-2018  13:28:20,1200.54,1180.49,1186.73,1199.63 x 1000,1199.93 x 800,1413656
355,27-9-2018  13:28:49,1200.542,1180.49,1186.73,1199.6300 x 1000,1199.9301 x 800,1413656
356,27-9-2018  13:29:17,1200.21,1180.49,1186.73,1199.28 x 1000,1199.83 x 800,1413656
357,27-9-2018  13:29:46,1200.21,1180.49,1186.73,1199.28 x 1000,1199.83 x 800,1413656
358,27-9-2018  13:30:14,1199.93,1180.49,1186.73,1199.280 x 1000,1199.980 x 800,1413656
359,27-9-2018  13:30:43,1200.57,1180.49,1186.73,1199.28 x 1000,1199.98 x 800,1413656
360,27-9-2018  13:31:12,1200.7346,1180.49,1186.73,1199.4500 x 1000,1199.9500 x 800,1413656
361,27-9-2018  13:31:41,1199.87,1180.49,1186.73,1199.45 x 1000,1199.89 x 800,1413656
362,27-9-2018  13:32:10,1200.11,1180.49,1186.73,1199.59 x 1000,1200.05 x 800,1413656
363,27-9-2018  13:32:40,1200.11,1180.49,1186.73,1199.59 x 1000,1200.05 x 800,1413656
364,27-9-2018  13:33:9,1200.4,1180.49,1186.73,1199.91 x 1000,1200.79 x 800,1413656
365,27-9-2018  13:33:37,1200.4,1180.49,1186.73,1199.91 x 1000,1200.79 x 800,1413656
366,27-9-2018  13:34:6,1200.4,1180.49,1186.73,1199.92 x 1000,1200.36 x 800,1413656
367,27-9-2018  13:34:35,1200.05,1180.49,1186.73,1200.01 x 1000,1200.34 x 800,1413656
368,27-9-2018  13:35:5,1200.17,1180.49,1186.73,1199.91 x 1000,1200.34 x 800,1413656
369,27-9-2018  13:35:34,1200.17,1180.49,1186.73,1199.91 x 1000,1200.34 x 800,1413656
370,27-9-2018  13:36:4,1200.29,1180.49,1186.73,1199.82 x 1000,1200.32 x 800,1413656
371,27-9-2018  13:36:32,1200.49,1180.49,1186.73,1199.72 x 1000,1200.04 x 800,1413656
372,27-9-2018  13:37:1,1200.46,1180.49,1186.73,1199.72 x 1000,1200.04 x 800,1413656
373,27-9-2018  13:37:30,1199.98,1180.49,1186.73,1199.72 x 1000,1199.77 x 800,1413656
374,27-9-2018  13:37:59,1199.955,1180.49,1186.73,1199.72 x 1000,1199.77 x 800,1413656
375,27-9-2018  13:38:29,1199.57,1180.49,1186.73,1199.03 x 1000,1199.52 x 800,1413656
376,27-9-2018  13:38:58,1199.5708,1180.49,1186.73,1199.2100 x 1000,1199.6700 x 800,1413656
377,27-9-2018  13:39:28,1199.19,1180.49,1186.73,1199.210 x 1000,1199.670 x 800,1413656
378,27-9-2018  13:39:56,1199.58,1180.49,1186.73,1199.21 x 1000,1199.67 x 800,1413656
379,27-9-2018  13:40:25,1199.58,1180.49,1186.73,1199.260 x 1000,1199.850 x 800,1413656
380,27-9-2018  13:40:55,1199.66,1180.49,1186.73,1199.26 x 1000,1199.85 x 800,1413656
381,27-9-2018  13:41:23,1199.81,1180.49,1186.73,1199.13 x 1000,1199.70 x 800,1413656
382,27-9-2018  13:41:52,1200.02,1180.49,1186.73,1199.13 x 1000,1199.70 x 800,1413656
383,27-9-2018  13:42:21,1200.02,1180.49,1186.73,1199.13 x 1000,1199.70 x 800,1413656
384,27-9-2018  13:42:50,1200.02,1180.49,1186.73,1199.90 x 1000,1200.27 x 800,1413656
385,27-9-2018  13:43:19,1200.02,1180.49,1186.73,1199.90 x 1000,1200.27 x 800,1413656
386,27-9-2018  13:43:48,1200.02,1180.49,1186.73,1199.90 x 1000,1200.27 x 800,1413656
387,27-9-2018  13:44:18,1200.02,1180.49,1186.73,1200.35 x 1000,1200.85 x 800,1413656
388,27-9-2018  13:44:47,1200.02,1180.49,1186.73,1200.35 x 1000,1200.85 x 800,1413656
389,27-9-2018  13:45:15,1200.02,1180.49,1186.73,1200.09 x 1000,1200.62 x 800,1413656
390,27-9-2018  13:45:45,1200.02,1180.49,1186.73,1200.09 x 1000,1199.93 x 800,1413656
391,27-9-2018  13:46:14,1200.02,1180.49,1186.73,1200.11 x 1000,1199.93 x 800,1413656
392,27-9-2018  13:46:43,1200.02,1180.49,1186.73,1199.87 x 1000,1200.23 x 800,1413656
393,27-9-2018  13:47:12,1200.15,1180.49,1186.73,1199.87 x 1000,1200.23 x 800,1413656
394,27-9-2018  13:47:41,1200.15,1180.49,1186.73,1199.8800 x 1000,1200.2000 x 800,1413656
395,27-9-2018  13:48:10,1200.15,1180.49,1186.73,1199.8800 x 1000,1200.2000 x 800,1413656
396,27-9-2018  13:48:39,1199.93,1180.49,1186.73,1199.93 x 1000,1200.39 x 800,1413656
397,27-9-2018  13:49:8,1199.77,1180.49,1186.73,1199.93 x 1000,1200.39 x 800,1413656
398,27-9-2018  13:49:38,1199.76,1180.49,1186.73,1199.97 x 1000,1200.26 x 800,1413656
399,27-9-2018  13:50:8,1199.61,1180.49,1186.73,1199.95 x 1000,1200.26 x 800,1413656
400,27-9-2018  13:50:37,1199.68,1180.49,1186.73,1199.95 x 1000,1200.26 x 800,1413656
401,27-9-2018  13:51:6,1199.68,1180.49,1186.73,1199.98 x 1000,1200.30 x 800,1413656
402,27-9-2018  13:51:35,1199.87,1180.49,1186.73,1200.03 x 1000,1200.54 x 800,1413656
403,27-9-2018  13:52:4,1199.87,1180.49,1186.73,1200.03 x 1000,1200.54 x 800,1413656
404,27-9-2018  13:52:33,1199.78,1180.49,1186.73,1200.04 x 1000,1200.11 x 800,1413656
405,27-9-2018  13:53:3,1200.08,1180.49,1186.73,1200.04 x 1000,1200.11 x 800,1413656
406,27-9-2018  13:53:32,1200.41,1180.49,1186.73,1199.73 x 1000,1200.05 x 800,1413656
407,27-9-2018  13:54:1,1200.31,1180.49,1186.73,1199.73 x 1000,1199.65 x 800,1413656
408,27-9-2018  13:54:30,1200.31,1180.49,1186.73,1199.200 x 1000,1199.650 x 800,1413656
409,27-9-2018  13:54:59,1200.3959,1180.49,1186.73,1199.2000 x 1000,1199.6500 x 800,1413656
410,27-9-2018  13:55:28,1200.31,1180.49,1186.73,1199.20 x 1000,1199.49 x 800,1413656
411,27-9-2018  13:55:57,1200.31,1180.49,1186.73,1199.29 x 1000,1199.60 x 800,1413656
412,27-9-2018  13:56:26,1200.14,1180.49,1186.73,1199.29 x 1000,1199.78 x 800,1413656
413,27-9-2018  13:56:55,1200.46,1180.49,1186.73,1199.90 x 1000,1199.78 x 800,1413656
414,27-9-2018  13:57:24,1200.46,1180.49,1186.73,1199.90 x 1000,1199.77 x 800,1413656
415,27-9-2018  13:57:52,1200.72,1180.49,1186.73,1199.90 x 1000,1199.77 x 800,1413656
416,27-9-2018  13:58:22,1200.72,1180.49,1186.73,1199.30 x 1000,1199.63 x 800,1413656
417,27-9-2018  13:58:51,1200.72,1180.49,1186.73,1199.30 x 1000,1199.63 x 800,1413656
418,27-9-2018  13:59:20,1200.72,1180.49,1186.73,1199.30 x 1000,1199.63 x 800,1413656
419,27-9-2018  13:59:49,1200.83,1180.49,1186.73,1199.65 x 1000,1199.99 x 800,1413656
420,27-9-2018  14:0:18,1200.75,1180.49,1186.73,1199.69 x 1000,1199.99 x 800,1413656
421,27-9-2018  14:0:47,1200.75,1180.49,1186.73,1199.69 x 1000,1200.50 x 800,1413656
422,27-9-2018  14:1:15,1200.75,1180.49,1186.73,1199.69 x 1000,1200.50 x 800,1413656
423,27-9-2018  14:1:44,1200.75,1180.49,1186.73,1199.65 x 1000,1199.98 x 800,1413656
424,27-9-2018  14:2:13,1200.12,1180.49,1186.73,1199.68 x 1000,1200.14 x 800,1413656
425,27-9-2018  14:2:42,1200.12,1180.49,1186.73,1199.68 x 1000,1200.14 x 800,1413656
426,27-9-2018  14:3:11,1200.2057,1180.49,1186.73,1199.6801 x 1000,1200.1400 x 800,1413656
427,27-9-2018  14:3:40,1200.21,1180.49,1186.73,1199.80 x 1000,1200.16 x 800,1413656
428,27-9-2018  14:4:8,1200.21,1180.49,1186.73,1199.80 x 1000,1200.16 x 800,1413656
429,27-9-2018  14:4:36,1199.96,1180.49,1186.73,1199.54 x 1000,1199.76 x 800,1413656
430,27-9-2018  14:5:5,1199.96,1180.49,1186.73,1199.54 x 1000,1199.76 x 800,1413656
431,27-9-2018  14:5:34,1199.96,1180.49,1186.73,1199.54 x 1000,1199.61 x 800,1413656
432,27-9-2018  14:6:3,1198.74,1180.49,1186.73,1199.33 x 1000,1199.60 x 800,1413656
433,27-9-2018  14:6:32,1198.5,1180.49,1186.73,1199.33 x 1000,1199.60 x 800,1413656
434,27-9-2018  14:7:1,1198.77,1180.49,1186.73,1199.33 x 1000,1199.60 x 800,1413656
435,27-9-2018  14:7:30,1199.28,1180.49,1186.73,1199.59 x 1000,1199.95 x 800,1413656
436,27-9-2018  14:7:59,1199.4,1180.49,1186.73,1199.59 x 1000,1199.65 x 800,1413656
437,27-9-2018  14:8:28,1199.4,1180.49,1186.73,1199.59 x 1000,1199.65 x 800,1413656
438,27-9-2018  14:8:57,1199.35,1180.49,1186.73,1199.92 x 1000,1200.38 x 800,1413656
439,27-9-2018  14:9:26,1199.35,1180.49,1186.73,1200.19 x 1000,1200.68 x 800,1413656
440,27-9-2018  14:9:55,1198.825,1180.49,1186.73,1200.190 x 1000,1200.680 x 800,1413656
441,27-9-2018  14:10:24,1199.02,1180.49,1186.73,1200.30 x 1000,1200.80 x 800,1413656
442,27-9-2018  14:10:53,1199.02,1180.49,1186.73,1200.30 x 1000,1200.80 x 800,1413656
443,27-9-2018  14:11:22,1198.9022,1180.49,1186.73,1200.3000 x 1000,1200.8000 x 800,1413656
444,27-9-2018  14:11:51,1198.81,1180.49,1186.73,1199.61 x 1000,1200.12 x 800,1413656
445,27-9-2018  14:12:21,1198.91,1180.49,1186.73,1199.90 x 1000,1200.40 x 800,1413656
446,27-9-2018  14:12:49,1198.91,1180.49,1186.73,1199.90 x 1000,1200.40 x 800,1413656
447,27-9-2018  14:13:18,1198.91,1180.49,1186.73,1200.39 x 1000,1200.40 x 800,1413656
448,27-9-2018  14:13:47,1198.91,1180.49,1186.73,1200.38 x 1000,1200.95 x 800,1413656
449,27-9-2018  14:14:17,1198.91,1180.49,1186.73,1200.55 x 1000,1201.00 x 800,1413656
450,27-9-2018  14:14:46,1199.33,1180.49,1186.73,1200.80 x 1000,1201.00 x 800,1413656
451,27-9-2018  14:15:15,1199.33,1180.49,1186.73,1200.80 x 1000,1201.22 x 800,1413656
452,27-9-2018  14:15:43,1199.33,1180.49,1186.73,1200.46 x 1000,1201.22 x 800,1413656
453,27-9-2018  14:16:12,1199.33,1180.49,1186.73,1200.46 x 1000,1200.75 x 800,1413656
454,27-9-2018  14:16:42,1199.02,1180.49,1186.73,1200.02 x 1000,1200.75 x 800,1413656
455,27-9-2018  14:17:11,1199.19,1180.49,1186.73,1199.26 x 1000,1200.46 x 800,1413656
456,27-9-2018  14:17:40,1198.99,1180.49,1186.73,1199.26 x 1000,1200.46 x 800,1413656
457,27-9-2018  14:18:9,1198.99,1180.49,1186.73,1199.92 x 1000,1200.41 x 800,1413656
458,27-9-2018  14:18:38,1199.19,1180.49,1186.73,1199.92 x 1000,1200.41 x 800,1413656
459,27-9-2018  14:19:7,1198.82,1180.49,1186.73,1199.92 x 1000,1200.26 x 800,1413656
460,27-9-2018  14:19:35,1198.71,1180.49,1186.73,1199.92 x 1000,1200.26 x 800,1413656
461,27-9-2018  14:20:4,1198.71,1180.49,1186.73,1199.7500 x 1000,1200.2700 x 800,1413656
462,27-9-2018  14:20:33,1199.0898,1180.49,1186.73,1198.6000 x 1000,1200.2700 x 800,1413656
463,27-9-2018  14:21:2,1198.755,1180.49,1186.73,1198.6000 x 1000,1199.5200 x 800,1413656
464,27-9-2018  14:21:30,1198.76,1180.49,1186.73,1198.31 x 1000,1199.52 x 800,1413656
465,27-9-2018  14:21:59,1198.76,1180.49,1186.73,1198.31 x 1000,1198.54 x 800,1413656
466,27-9-2018  14:22:29,1198.76,1180.49,1186.73,1198.17 x 1000,1198.89 x 800,1413656
467,27-9-2018  14:22:58,1198.35,1180.49,1186.73,1198.17 x 1000,1198.89 x 800,1413656
468,27-9-2018  14:23:27,1198.34,1180.49,1186.73,1199.20 x 1000,1199.40 x 800,1413656
469,27-9-2018  14:23:56,1198.36,1180.49,1186.73,1198.81 x 1000,1199.78 x 800,1413656
470,27-9-2018  14:24:24,1198.3752,1180.49,1186.73,1198.8101 x 1000,1199.7800 x 800,1413656
471,27-9-2018  14:24:53,1198.365,1180.49,1186.73,1199.120 x 1000,1199.310 x 800,1413656
472,27-9-2018  14:25:22,1198.68,1180.49,1186.73,1198.79 x 1000,1199.31 x 800,1413656
473,27-9-2018  14:25:51,1198.4,1180.49,1186.73,1198.79 x 1000,1199.31 x 800,1413656
474,27-9-2018  14:26:20,1198.58,1180.49,1186.73,1198.64 x 1000,1199.12 x 800,1413656
475,27-9-2018  14:26:48,1198.22,1180.49,1186.73,1198.64 x 1000,1199.12 x 800,1413656
476,27-9-2018  14:27:18,1197.57,1180.49,1186.73,1198.50 x 1000,1198.99 x 800,1413656
477,27-9-2018  14:27:47,1197.57,1180.49,1186.73,1198.500 x 1000,1198.990 x 800,1413656
478,27-9-2018  14:28:15,1198.17,1180.49,1186.73,1198.50 x 1000,1198.99 x 800,1413656
479,27-9-2018  14:28:44,1198.0125,1180.49,1186.73,1198.6100 x 1000,1199.1500 x 800,1413656
480,27-9-2018  14:29:13,1198.03,1180.49,1186.73,1198.61 x 1000,1199.09 x 800,1413656
481,27-9-2018  14:29:42,1198.33,1180.49,1186.73,1198.61 x 1000,1199.09 x 800,1413656
482,27-9-2018  14:30:11,1198.33,1180.49,1186.73,1199.14 x 1000,1199.31 x 800,1413656
483,27-9-2018  14:30:39,1198.33,1180.49,1186.73,1199.14 x 1000,1199.31 x 800,1413656
484,27-9-2018  14:31:9,1198.05,1180.49,1186.73,1199.14 x 1000,1199.28 x 800,1413656
485,27-9-2018  14:31:38,1197.79,1180.49,1186.73,1198.97 x 1000,1199.34 x 800,1413656
486,27-9-2018  14:32:7,1197.69,1180.49,1186.73,1198.97 x 1000,1199.34 x 800,1413656
487,27-9-2018  14:32:36,1197.3,1180.49,1186.73,1198.98 x 1000,1199.43 x 800,1413656
488,27-9-2018  14:33:5,1197.39,1180.49,1186.73,1198.99 x 1000,1199.36 x 800,1413656
489,27-9-2018  14:33:35,1197.355,1180.49,1186.73,1198.990 x 1000,1199.360 x 800,1413656
490,27-9-2018  14:34:4,1197.35,1180.49,1186.73,1198.75 x 1000,1199.36 x 800,1413656
491,27-9-2018  14:34:33,1196.9,1180.49,1186.73,1198.46 x 1000,1199.17 x 800,1413656
492,27-9-2018  14:35:2,1196.61,1180.49,1186.73,1198.46 x 1000,1199.17 x 800,1413656
493,27-9-2018  14:35:31,1196.2227,1180.49,1186.73,1198.5300 x 1000,1199.1000 x 800,1413656
494,27-9-2018  14:36:0,1196.685,1180.49,1186.73,1198.530 x 1000,1199.100 x 800,1413656
495,27-9-2018  14:36:29,1196.685,1180.49,1186.73,1198.540 x 1000,1199.080 x 800,1413656
496,27-9-2018  14:36:58,1196.685,1180.49,1186.73,1198.540 x 1000,1199.020 x 800,1413656
497,27-9-2018  14:37:27,1196.71,1180.49,1186.73,1198.54 x 1000,1199.02 x 800,1413656
498,27-9-2018  14:37:55,1196.1801,1180.49,1186.73,1198.4200 x 1000,1198.9301 x 800,1413656
499,27-9-2018  14:38:24,1196.98,1180.49,1186.73,1198.23 x 1000,1198.60 x 800,1413656
500,27-9-2018  14:38:53,1196.91,1180.49,1186.73,1198.21 x 1000,1198.60 x 800,1413656
501,27-9-2018  14:39:23,1196.91,1180.49,1186.73,1198.21 x 1000,1198.60 x 800,1413656
502,27-9-2018  14:39:51,1196.92,1180.49,1186.73,1198.21 x 1000,1198.60 x 800,1413656
503,27-9-2018  14:40:20,1196.92,1180.49,1186.73,1198.170 x 1000,1198.790 x 800,1413656
504,27-9-2018  14:40:48,1197.02,1180.49,1186.73,1198.24 x 1000,1198.79 x 800,1413656
505,27-9-2018  14:41:17,1197.19,1180.49,1186.73,1198.24 x 1000,1198.79 x 800,1413656
506,27-9-2018  14:41:47,1197.19,1180.49,1186.73,1198.17 x 1000,1198.78 x 800,1413656
507,27-9-2018  14:42:15,1197.19,1180.49,1186.73,1197.56 x 1000,1198.56 x 800,1413656
508,27-9-2018  14:42:44,1197.285,1180.49,1186.73,1197.560 x 1000,1198.560 x 800,1413656
509,27-9-2018  14:43:13,1196.85,1180.49,1186.73,1197.46 x 1000,1198.03 x 800,1413656
510,27-9-2018  14:43:42,1196.85,1180.49,1186.73,1197.4600 x 1000,1198.0300 x 800,1413656
511,27-9-2018  14:44:11,1196.4517,1180.49,1186.73,1197.4600 x 1000,1198.0300 x 800,1413656
512,27-9-2018  14:44:41,1196.45,1180.49,1186.73,1198.01 x 1000,1198.30 x 800,1413656
513,27-9-2018  14:45:10,1196.45,1180.49,1186.73,1198.01 x 1000,1198.30 x 800,1413656
514,27-9-2018  14:45:39,1197.15,1180.49,1186.73,1198.16 x 1000,1198.64 x 800,1413656
515,27-9-2018  14:46:9,1197.15,1180.49,1186.73,1198.160 x 1000,1198.640 x 800,1413656
516,27-9-2018  14:46:37,1197.031,1180.49,1186.73,1197.580 x 1000,1198.320 x 800,1413656
517,27-9-2018  14:47:6,1197.031,1180.49,1186.73,1197.580 x 1000,1198.320 x 800,1413656
518,27-9-2018  14:47:35,1197.03,1180.49,1186.73,1197.45 x 1000,1198.11 x 800,1413656
519,27-9-2018  14:48:5,1197.03,1180.49,1186.73,1196.97 x 1000,1197.21 x 800,1413656
520,27-9-2018  14:48:34,1196.71,1180.49,1186.73,1197.150 x 1000,1197.620 x 800,1413656
521,27-9-2018  14:49:2,1196.71,1180.49,1186.73,1197.15 x 1000,1197.62 x 800,1413656
522,27-9-2018  14:49:31,1196.77,1180.49,1186.73,1197.15 x 1000,1197.62 x 800,1413656
523,27-9-2018  14:50:0,1197.02,1180.49,1186.73,1196.38 x 1000,1197.00 x 800,1413656
524,27-9-2018  14:50:29,1196.94,1180.49,1186.73,1196.38 x 1000,1197.00 x 800,1413656
525,27-9-2018  14:50:58,1196.75,1180.49,1186.73,1196.48 x 1000,1197.03 x 800,1413656
526,27-9-2018  14:51:27,1196.99,1180.49,1186.73,1196.48 x 1000,1197.03 x 800,1413656
527,27-9-2018  14:51:56,1196.99,1180.49,1186.73,1196.210 x 1000,1196.990 x 800,1413656
528,27-9-2018  14:52:26,1196.26,1180.49,1186.73,1196.21 x 1000,1196.90 x 800,1413656
529,27-9-2018  14:52:54,1196.26,1180.49,1186.73,1196.3000 x 1000,1196.6500 x 800,1413656
530,27-9-2018  14:53:23,1196.92,1180.49,1186.73,1196.66 x 1000,1196.65 x 800,1413656
531,27-9-2018  14:53:52,1197.48,1180.49,1186.73,1196.66 x 1000,1197.26 x 800,1413656
532,27-9-2018  14:54:20,1197.155,1180.49,1186.73,1196.6600 x 1000,1197.2600 x 800,1413656
533,27-9-2018  14:54:49,1197.4799,1180.49,1186.73,1196.5000 x 1000,1197.2500 x 800,1413656
534,27-9-2018  14:55:18,1197.3,1180.49,1186.73,1196.50 x 1000,1197.25 x 800,1413656
535,27-9-2018  14:55:48,1197.3,1180.49,1186.73,1196.64 x 1000,1197.25 x 800,1413656
536,27-9-2018  14:56:17,1197.058,1180.49,1186.73,1196.640 x 1000,1197.250 x 800,1413656
537,27-9-2018  14:56:46,1197.06,1180.49,1186.73,1196.63 x 1000,1197.56 x 800,1413656
538,27-9-2018  14:57:15,1196.96,1180.49,1186.73,1196.63 x 1000,1197.56 x 800,1413656
539,27-9-2018  14:57:44,1196.7,1180.49,1186.73,1197.23 x 1000,1197.50 x 800,1413656
540,27-9-2018  14:58:13,1196.7,1180.49,1186.73,1196.990 x 1000,1197.600 x 800,1413656
541,27-9-2018  14:58:42,1196.7,1180.49,1186.73,1196.99 x 1000,1197.60 x 800,1413656
542,27-9-2018  14:59:11,1196.49,1180.49,1186.73,1196.3300 x 1000,1197.2800 x 800,1413656
543,27-9-2018  14:59:40,1196.58,1180.49,1186.73,1196.33 x 1000,1197.28 x 800,1413656
544,27-9-2018  15:0:9,1196.58,1180.49,1186.73,1196.52 x 1000,1197.06 x 800,1413656
545,27-9-2018  15:0:39,1197.12,1180.49,1186.73,1196.52 x 1000,1197.06 x 800,1413656
546,27-9-2018  15:1:8,1197.13,1180.49,1186.73,1196.52 x 1000,1197.06 x 800,1413656
547,27-9-2018  15:1:37,1197.16,1180.49,1186.73,1196.630 x 1000,1197.300 x 800,1413656
548,27-9-2018  15:2:6,1197.22,1180.49,1186.73,1196.63 x 1000,1197.30 x 800,1413656
549,27-9-2018  15:2:35,1197.03,1180.49,1186.73,1196.85 x 1000,1197.35 x 800,1413656
550,27-9-2018  15:3:4,1197.4154,1180.49,1186.73,1196.8500 x 1000,1197.3500 x 800,1413656
551,27-9-2018  15:3:33,1197.32,1180.49,1186.73,1196.73 x 1000,1197.53 x 800,1413656
552,27-9-2018  15:4:1,1197.1,1180.49,1186.73,1196.73 x 1000,1197.53 x 800,1413656
553,27-9-2018  15:4:30,1197.41,1180.49,1186.73,1196.15 x 1000,1196.50 x 800,1413656
554,27-9-2018  15:4:59,1197.41,1180.49,1186.73,1196.15 x 1000,1196.50 x 800,1413656
555,27-9-2018  15:5:28,1197.69,1180.49,1186.73,1196.58 x 1000,1197.39 x 800,1413656
556,27-9-2018  15:5:57,1197.69,1180.49,1186.73,1196.580 x 1000,1197.390 x 800,1413656
557,27-9-2018  15:6:25,1197.77,1180.49,1186.73,1196.60 x 1000,1196.98 x 800,1413656
558,27-9-2018  15:6:54,1197.74,1180.49,1186.73,1196.60 x 1000,1196.98 x 800,1413656
559,27-9-2018  15:7:23,1197.65,1180.49,1186.73,1196.04 x 1000,1196.71 x 800,1413656
560,27-9-2018  15:7:53,1197.65,1180.49,1186.73,1195.89 x 1000,1196.35 x 800,1413656
561,27-9-2018  15:8:22,1197.17,1180.49,1186.73,1195.89 x 1000,1196.35 x 800,1413656
562,27-9-2018  15:8:51,1197.12,1180.49,1186.73,1195.89 x 1000,1196.35 x 800,1413656
563,27-9-2018  15:9:20,1196.84,1180.49,1186.73,1196.78 x 1000,1196.98 x 800,1413656
564,27-9-2018  15:9:49,1196.84,1180.49,1186.73,1196.78 x 1000,1196.98 x 800,1413656
565,27-9-2018  15:10:18,1195.89,1180.49,1186.73,1196.84 x 1000,1197.47 x 800,1413656
566,27-9-2018  15:10:47,1196,1180.49,1186.73,1196.84 x 1000,1197.47 x 800,1413656
567,27-9-2018  15:11:16,1196,1180.49,1186.73,1196.84 x 1000,1197.47 x 800,1413656
568,27-9-2018  15:11:45,1196,1180.49,1186.73,1197.040 x 1000,1197.580 x 800,1413656
569,27-9-2018  15:12:14,1197.5,1180.49,1186.73,1197.04 x 1000,1197.58 x 800,1413656
570,27-9-2018  15:12:42,1197.17,1180.49,1186.73,1195.89 x 1000,1196.63 x 800,1413656
571,27-9-2018  15:13:12,1197.17,1180.49,1186.73,1195.89 x 1000,1196.63 x 800,1413656
572,27-9-2018  15:13:41,1197.17,1180.49,1186.73,1195.89 x 1000,1196.63 x 800,1413656
573,27-9-2018  15:14:10,1197.17,1180.49,1186.73,1195.91 x 1000,1196.59 x 800,1413656
574,27-9-2018  15:14:39,1196.72,1180.49,1186.73,1196.00 x 1000,1196.55 x 800,1413656
575,27-9-2018  15:15:8,1196.53,1180.49,1186.73,1196.58 x 1000,1197.35 x 800,1413656
576,27-9-2018  15:15:37,1196.53,1180.49,1186.73,1196.58 x 1000,1197.35 x 800,1413656
577,27-9-2018  15:16:5,1197.1,1180.49,1186.73,1196.75 x 1000,1197.35 x 800,1413656
578,27-9-2018  15:16:34,1197.02,1180.49,1186.73,1196.94 x 1000,1197.52 x 800,1413656
579,27-9-2018  15:17:3,1196.96,1180.49,1186.73,1196.94 x 1000,1197.52 x 800,1413656
580,27-9-2018  15:17:32,1197.235,1180.49,1186.73,1196.940 x 1000,1197.520 x 800,1413656
581,27-9-2018  15:18:1,1197.74,1180.49,1186.73,1196.71 x 1000,1197.47 x 800,1413656
582,27-9-2018  15:18:31,1197.74,1180.49,1186.73,1196.71 x 1000,1197.45 x 800,1413656
583,27-9-2018  15:19:0,1197.74,1180.49,1186.73,1196.71 x 1000,1197.45 x 800,1413656
584,27-9-2018  15:19:29,1197.51,1180.49,1186.73,1197.08 x 1000,1197.30 x 800,1413656
585,27-9-2018  15:19:58,1197.7,1180.49,1186.73,1197.08 x 1000,1197.30 x 800,1413656
586,27-9-2018  15:20:27,1197.76,1180.49,1186.73,1197.13 x 1000,1197.67 x 800,1413656
587,27-9-2018  15:20:56,1197.536,1180.49,1186.73,1197.130 x 1000,1197.670 x 800,1413656
588,27-9-2018  15:21:25,1197.54,1180.49,1186.73,1197.31 x 1000,1197.76 x 800,1413656
589,27-9-2018  15:21:54,1197.01,1180.49,1186.73,1197.32 x 1000,1197.76 x 800,1413656
590,27-9-2018  15:22:22,1196.95,1180.49,1186.73,1197.32 x 1000,1197.76 x 800,1413656
591,27-9-2018  15:22:52,1196.44,1180.49,1186.73,1197.38 x 1000,1197.93 x 800,1413656
592,27-9-2018  15:23:21,1196.405,1180.49,1186.73,1197.380 x 1000,1197.930 x 800,1413656
593,27-9-2018  15:23:49,1196.51,1180.49,1186.73,1197.38 x 1000,1197.76 x 800,1413656
594,27-9-2018  15:24:18,1196.51,1180.49,1186.73,1196.83 x 1000,1197.54 x 800,1413656
595,27-9-2018  15:24:47,1196.019,1180.49,1186.73,1196.830 x 1000,1197.540 x 800,1413656
596,27-9-2018  15:25:16,1195.64,1180.49,1186.73,1196.43 x 1000,1196.41 x 800,1413656
597,27-9-2018  15:25:45,1195.64,1180.49,1186.73,1195.99 x 1000,1196.10 x 800,1413656
598,27-9-2018  15:26:14,1195.98,1180.49,1186.73,1195.990 x 1000,1196.100 x 800,1413656
599,27-9-2018  15:26:42,1195.2301,1180.49,1186.73,1196.3300 x 1000,1196.8700 x 800,1413656
600,27-9-2018  15:27:12,1195.23,1180.49,1186.73,1196.83 x 1000,1197.56 x 800,1413656
601,27-9-2018  15:27:40,1195.39,1180.49,1186.73,1196.83 x 1000,1197.56 x 800,1413656
602,27-9-2018  15:28:9,1195.27,1180.49,1186.73,1196.8300 x 1000,1197.5601 x 800,1413656
603,27-9-2018  15:28:38,1195.35,1180.49,1186.73,1196.83 x 1000,1197.56 x 800,1413656
604,27-9-2018  15:29:7,1195.73,1180.49,1186.73,1196.84 x 1000,1197.26 x 800,1413656
605,27-9-2018  15:29:36,1195.47,1180.49,1186.73,1196.84 x 1000,1197.26 x 800,1413656
606,27-9-2018  15:30:6,1195.51,1180.49,1186.73,1196.50 x 1000,1197.60 x 800,1413656
607,27-9-2018  15:30:35,1195.14,1180.49,1186.73,1196.50 x 1000,1197.60 x 800,1413656
608,27-9-2018  15:31:3,1195.14,1180.49,1186.73,1196.82 x 1000,1197.56 x 800,1413656
609,27-9-2018  15:31:32,1195.35,1180.49,1186.73,1196.82 x 1000,1197.56 x 800,1413656
610,27-9-2018  15:32:1,1195.27,1180.49,1186.73,1196.83 x 1000,1197.52 x 800,1413656
611,27-9-2018  15:32:30,1195.1,1180.49,1186.73,1196.94 x 1000,1197.53 x 800,1413656
612,27-9-2018  15:32:58,1194.94,1180.49,1186.73,1196.94 x 1000,1197.53 x 800,1413656
613,27-9-2018  15:33:27,1195,1180.49,1186.73,1197.31 x 1000,1197.76 x 800,1413656
614,27-9-2018  15:33:56,1195.12,1180.49,1186.73,1197.31 x 1000,1197.76 x 800,1413656
615,27-9-2018  15:34:25,1194.82,1180.49,1186.73,1197.31 x 1000,1197.76 x 800,1413656
616,27-9-2018  15:34:53,1195.02,1180.49,1186.73,1197.21 x 1000,1197.69 x 800,1413656
617,27-9-2018  15:35:23,1194.315,1180.49,1186.73,1197.480 x 1000,1197.710 x 800,1413656
618,27-9-2018  15:35:51,1194.31,1180.49,1186.73,1197.48 x 1000,1197.71 x 800,1413656
619,27-9-2018  15:36:20,1193.99,1180.49,1186.73,1196.91 x 1000,1197.58 x 800,1413656
620,27-9-2018  15:36:49,1194.16,1180.49,1186.73,1196.91 x 1000,1197.58 x 800,1413656
621,27-9-2018  15:37:18,1193.99,1180.49,1186.73,1196.91 x 1000,1197.58 x 800,1413656
622,27-9-2018  15:37:47,1194.28,1180.49,1186.73,1196.63 x 1000,1197.08 x 800,1413656
623,27-9-2018  15:38:16,1194.63,1180.49,1186.73,1196.15 x 1000,1197.01 x 800,1413656
624,27-9-2018  15:38:45,1194.7844,1180.49,1186.73,1196.1500 x 1000,1196.8600 x 800,1413656
625,27-9-2018  15:39:14,1194.39,1180.49,1186.73,1196.15 x 1000,1196.86 x 800,1413656
626,27-9-2018  15:39:43,1193.88,1180.49,1186.73,1196.17 x 1000,1196.65 x 800,1413656
627,27-9-2018  15:40:12,1193.98,1180.49,1186.73,1196.170 x 1000,1196.650 x 800,1413656
628,27-9-2018  15:40:41,1194.21,1180.49,1186.73,1195.290 x 1000,1196.170 x 800,1413656
629,27-9-2018  15:41:9,1194.11,1180.49,1186.73,1195.75 x 1000,1196.37 x 800,1413656
630,27-9-2018  15:41:37,1194.11,1180.49,1186.73,1195.7500 x 1000,1196.3700 x 800,1413656
631,27-9-2018  15:42:6,1194.38,1180.49,1186.73,1195.75 x 1000,1196.37 x 800,1413656
632,27-9-2018  15:42:35,1194.38,1180.49,1186.73,1195.19 x 1000,1195.84 x 800,1413656
633,27-9-2018  15:43:3,1194.62,1180.49,1186.73,1195.03 x 1000,1195.52 x 800,1413656
634,27-9-2018  15:43:32,1194.36,1180.49,1186.73,1195.03 x 1000,1195.52 x 800,1413656
635,27-9-2018  15:44:0,1194.36,1180.49,1186.73,1195.26 x 1000,1195.61 x 800,1413656
636,27-9-2018  15:44:29,1195,1180.49,1186.73,1195.50 x 1000,1195.95 x 800,1413656
637,27-9-2018  15:44:59,1194.83,1180.49,1186.73,1195.50 x 1000,1195.95 x 800,1413656
638,27-9-2018  15:45:27,1194.695,1180.49,1186.73,1195.260 x 1000,1195.760 x 800,1413656
639,27-9-2018  15:45:56,1194.44,1180.49,1186.73,1195.26 x 1000,1195.76 x 800,1413656
640,27-9-2018  15:46:25,1194.32,1180.49,1186.73,1195.03 x 1000,1195.34 x 800,1413656
641,27-9-2018  15:46:54,1195,1180.49,1186.73,1195.05 x 1000,1195.34 x 800,1413656
642,27-9-2018  15:47:22,1195,1180.49,1186.73,1195.05 x 1000,1195.57 x 800,1413656
643,27-9-2018  15:47:51,1194.55,1180.49,1186.73,1194.88 x 1000,1194.96 x 800,1413656
644,27-9-2018  15:48:20,1195,1180.49,1186.73,1194.82 x 1000,1194.96 x 800,1413656
645,27-9-2018  15:48:49,1194.55,1180.49,1186.73,1194.82 x 1000,1195.24 x 800,1413656
646,27-9-2018  15:49:18,1193.86,1180.49,1186.73,1194.95 x 1000,1195.24 x 800,1413656
647,27-9-2018  15:49:46,1194.05,1180.49,1186.73,1194.95 x 1000,1195.04 x 800,1413656
648,27-9-2018  15:50:15,1194.1301,1180.49,1186.73,1194.0900 x 1000,1194.9500 x 800,1413656
649,27-9-2018  15:50:44,1194.8,1180.49,1186.73,1194.0900 x 1000,1194.9500 x 800,1413656
650,27-9-2018  15:51:13,1194.97,1180.49,1186.73,1194.09 x 1000,1194.49 x 800,1413656
651,27-9-2018  15:51:42,1194.4102,1180.49,1186.73,1193.9700 x 1000,1194.4900 x 800,1413656
652,27-9-2018  15:52:10,1194.41,1180.49,1186.73,1193.97 x 1000,1194.35 x 800,1413656
653,27-9-2018  15:52:40,1194.61,1180.49,1186.73,1193.88 x 1000,1194.21 x 800,1413656
654,27-9-2018  15:53:9,1194.67,1180.49,1186.73,1194.54 x 1000,1194.21 x 800,1413656
655,27-9-2018  15:53:38,1194.72,1180.49,1186.73,1194.5400 x 1000,1194.7600 x 800,1413656
656,27-9-2018  15:54:7,1195.11,1180.49,1186.73,1194.10 x 1000,1194.76 x 800,1413656
657,27-9-2018  15:54:35,1196,1180.49,1186.73,1194.10 x 1000,1194.85 x 800,1413656
658,27-9-2018  15:55:4,1196.32,1180.49,1186.73,1194.10 x 1000,1194.85 x 800,1413656
659,27-9-2018  15:55:33,1195.88,1180.49,1186.73,1193.86 x 1000,1194.17 x 800,1413656
660,27-9-2018  15:56:2,1195.92,1180.49,1186.73,1193.86 x 1000,1194.17 x 800,1413656
661,27-9-2018  15:56:31,1196.4,1180.49,1186.73,1193.86 x 1000,1194.12 x 800,1413656
662,27-9-2018  15:57:0,1196.78,1180.49,1186.73,1193.8500 x 1000,1195.0800 x 800,1413656
663,27-9-2018  15:57:29,1196.94,1180.49,1186.73,1194.18 x 1000,1194.77 x 800,1413656
664,27-9-2018  15:57:58,1197.11,1180.49,1186.73,1194.18 x 1000,1194.77 x 800,1413656
665,27-9-2018  15:58:27,1196.7,1180.49,1186.73,1194.56 x 1000,1194.77 x 800,1413656
666,27-9-2018  15:58:55,1194.57,1180.49,1186.73,1194.56 x 1000,1194.77 x 800,1413656
667,27-9-2018  15:59:24,1194.64,1180.49,1186.73,1194.17 x 1000,1194.55 x 800,1413656
