,time,Main Price,Prev Close,Open,Bid,Ask,Volume
1,27-9-2018  10:39:42,27.45,27,27.11,27.21 x 1400,27.22 x 800,18235050
2,27-9-2018  10:40:10,27.46,27,27.11,27.21 x 1400,27.22 x 800,18235050
3,27-9-2018  10:40:39,27.485,27,27.11,27.190 x 1400,27.210 x 800,18235050
4,27-9-2018  10:41:8,27.52,27,27.11,27.19 x 1400,27.21 x 800,18235050
5,27-9-2018  10:41:37,27.53,27,27.11,27.19 x 1400,27.24 x 800,18235050
6,27-9-2018  10:42:5,27.52,27,27.11,27.22 x 1400,27.24 x 800,18235050
7,27-9-2018  10:42:34,27.68,27,27.11,27.26 x 1400,27.30 x 800,18235050
8,27-9-2018  10:43:3,27.7163,27,27.11,27.2600 x 1400,27.3000 x 800,18235050
9,27-9-2018  10:43:32,27.73,27,27.11,27.29 x 1400,27.30 x 800,18235050
10,27-9-2018  10:44:0,27.775,27,27.11,27.290 x 1400,27.300 x 800,18235050
11,27-9-2018  10:44:29,27.79,27,27.11,27.27 x 1400,27.30 x 800,18235050
12,27-9-2018  10:44:59,27.75,27,27.11,27.27 x 1400,27.30 x 800,18235050
13,27-9-2018  10:45:28,27.8,27,27.11,27.30 x 1400,27.32 x 800,18235050
14,27-9-2018  10:45:57,27.85,27,27.11,27.30 x 1400,27.32 x 800,18235050
15,27-9-2018  10:46:26,27.8447,27,27.11,27.2900 x 1400,27.3000 x 800,18235050
16,27-9-2018  10:46:54,27.81,27,27.11,27.30 x 1400,27.30 x 800,18235050
17,27-9-2018  10:47:23,27.81,27,27.11,27.30 x 1400,27.30 x 800,18235050
18,27-9-2018  10:47:53,27.84,27,27.11,27.27 x 1400,27.31 x 800,18235050
19,27-9-2018  10:48:22,27.792,27,27.11,27.270 x 1400,27.310 x 800,18235050
20,27-9-2018  10:48:51,27.7901,27,27.11,27.2900 x 1400,27.2900 x 1200,18235050
21,27-9-2018  10:49:20,27.815,27,27.11,27.290 x 1400,27.290 x 1200,18235050
22,27-9-2018  10:49:48,27.8,27,27.11,27.29 x 1400,27.29 x 1200,18235050
23,27-9-2018  10:50:17,27.78,27,27.11,27.39 x 1400,27.41 x 800,18235050
24,27-9-2018  10:50:47,27.79,27,27.11,27.39 x 1400,27.41 x 800,18235050
25,27-9-2018  10:51:15,27.8,27,27.11,27.40 x 1400,27.42 x 800,18235050
26,27-9-2018  10:51:44,27.8105,27,27.11,27.4000 x 1400,27.4200 x 800,18235050
27,27-9-2018  10:52:13,27.8373,27,27.11,27.3600 x 1400,27.3800 x 1200,18235050
28,27-9-2018  10:52:42,27.7995,27,27.11,27.3600 x 1400,27.3800 x 1200,18235050
29,27-9-2018  10:53:11,27.81,27,27.11,27.40 x 1000,27.40 x 1200,18235050
30,27-9-2018  10:53:39,27.88,27,27.11,27.40 x 1000,27.40 x 1200,18235050
31,27-9-2018  10:54:7,27.86,27,27.11,27.39 x 1000,27.41 x 1800,18235050
32,27-9-2018  10:54:35,27.86,27,27.11,27.39 x 1000,27.41 x 1800,18235050
33,27-9-2018  10:55:4,27.88,27,27.11,27.46 x 1000,27.46 x 1800,18235050
34,27-9-2018  10:55:32,27.9369,27,27.11,27.4600 x 1000,27.4600 x 1800,18235050
35,27-9-2018  10:56:1,27.9299,27,27.11,27.4600 x 1000,27.4800 x 1800,18235050
36,27-9-2018  10:56:29,27.99,27,27.11,27.46 x 1000,27.48 x 1800,18235050
37,27-9-2018  10:56:57,28.02,27,27.11,27.5200 x 1000,27.5100 x 800,18235050
38,27-9-2018  10:57:26,28.08,27,27.11,27.54 x 1300,27.53 x 800,18235050
39,27-9-2018  10:57:54,28.07,27,27.11,27.54 x 1300,27.53 x 800,18235050
40,27-9-2018  10:58:24,28.07,27,27.11,27.70 x 1300,27.72 x 1400,18235050
41,27-9-2018  10:58:52,28.0175,27,27.11,27.7000 x 1300,27.7200 x 1400,18235050
42,27-9-2018  10:59:20,28,27,27.11,27.77 x 1300,27.82 x 900,18235050
43,27-9-2018  10:59:48,28.03,27,27.11,27.77 x 1300,27.82 x 900,18235050
44,27-9-2018  11:0:17,28.02,27,27.11,27.75 x 1300,27.78 x 900,18235050
45,27-9-2018  11:0:45,27.99,27,27.11,27.79 x 1300,27.81 x 900,18235050
46,27-9-2018  11:1:13,28.05,27,27.11,27.79 x 1300,27.84 x 900,18235050
47,27-9-2018  11:1:42,28.09,27,27.11,27.83 x 1300,27.84 x 900,18235050
48,27-9-2018  11:2:10,28.08,27,27.11,27.83 x 1300,27.84 x 900,18235050
49,27-9-2018  11:2:39,28.09,27,27.11,27.80 x 1300,27.80 x 900,18235050
50,27-9-2018  11:3:8,28,27,27.11,27.80 x 1300,27.86 x 900,18235050
51,27-9-2018  11:3:37,27.92,27,27.11,27.7900 x 1300,27.8600 x 900,18235050
52,27-9-2018  11:4:5,27.92,27,27.11,27.79 x 1300,27.84 x 900,18235050
53,27-9-2018  11:4:34,27.87,27,27.11,27.82 x 1300,27.84 x 900,18235050
54,27-9-2018  11:5:2,27.885,27,27.11,27.800 x 1300,27.830 x 900,18235050
55,27-9-2018  11:5:31,27.9719,27,27.11,27.8000 x 1300,27.7800 x 900,18235050
56,27-9-2018  11:5:59,28,27,27.11,27.76 x 1300,27.78 x 900,18235050
57,27-9-2018  11:6:29,27.94,27,27.11,27.76 x 1300,27.83 x 900,18235050
58,27-9-2018  11:6:58,27.87,27,27.11,27.80 x 800,27.83 x 900,18235050
59,27-9-2018  11:7:26,27.86,27,27.11,27.800 x 800,27.820 x 900,18235050
60,27-9-2018  11:7:55,27.83,27,27.11,27.80 x 800,27.83 x 900,18235050
61,27-9-2018  11:8:23,27.8516,27,27.11,27.8000 x 800,27.8300 x 900,18235050
62,27-9-2018  11:8:52,27.84,27,27.11,27.82 x 1000,27.85 x 900,18235050
63,27-9-2018  11:9:20,27.825,27,27.11,27.820 x 1000,27.870 x 800,18235050
64,27-9-2018  11:9:49,27.85,27,27.11,27.86 x 1300,27.87 x 800,18235050
65,27-9-2018  11:10:17,27.87,27,27.11,27.88 x 1300,27.90 x 800,18235050
66,27-9-2018  11:10:46,27.84,27,27.11,27.88 x 1300,27.90 x 800,18235050
67,27-9-2018  11:11:14,27.84,27,27.11,27.91 x 1300,27.96 x 800,18235050
68,27-9-2018  11:11:43,27.82,27,27.11,27.91 x 1300,27.96 x 800,18235050
69,27-9-2018  11:12:12,27.8,27,27.11,27.97 x 1300,27.97 x 2200,18235050
70,27-9-2018  11:12:40,27.7351,27,27.11,27.9700 x 1300,27.9700 x 2200,18235050
71,27-9-2018  11:13:10,27.71,27,27.11,28.09 x 4000,28.10 x 1200,18235050
72,27-9-2018  11:13:38,27.7499,27,27.11,28.0500 x 4000,28.0700 x 1200,18235050
73,27-9-2018  11:14:6,27.73,27,27.11,28.05 x 4000,28.07 x 1200,18235050
74,27-9-2018  11:14:35,27.73,27,27.11,27.96 x 4000,27.99 x 1200,18235050
75,27-9-2018  11:15:4,27.7,27,27.11,27.96 x 4000,27.99 x 1200,18235050
76,27-9-2018  11:15:32,27.71,27,27.11,27.9600 x 4000,27.9900 x 1200,18235050
77,27-9-2018  11:16:1,27.78,27,27.11,28.03 x 4000,28.03 x 3100,18235050
78,27-9-2018  11:16:29,27.79,27,27.11,28.00 x 4000,28.03 x 3100,18235050
79,27-9-2018  11:16:58,27.82,27,27.11,28.00 x 4000,28.10 x 3100,18235050
80,27-9-2018  11:17:27,28,27,27.11,28.06 x 4000,28.10 x 3100,18235050
81,27-9-2018  11:17:55,27.93,27,27.11,28.08 x 4000,28.11 x 3100,18235050
82,27-9-2018  11:18:24,27.9315,27,27.11,28.0800 x 4000,28.0500 x 3100,18235050
83,27-9-2018  11:18:52,27.8925,27,27.11,27.9200 x 4000,27.9700 x 3100,18235050
84,27-9-2018  11:19:21,27.9,27,27.11,27.94 x 4000,27.97 x 3100,18235050
85,27-9-2018  11:19:49,27.93,27,27.11,27.940 x 4000,27.890 x 3100,18235050
86,27-9-2018  11:20:18,27.945,27,27.11,27.870 x 4000,27.890 x 3100,18235050
87,27-9-2018  11:20:47,27.9004,27,27.11,27.8700 x 4000,27.9700 x 3100,18235050
88,27-9-2018  11:21:15,27.96,27,27.11,27.99 x 800,27.97 x 3100,18235050
89,27-9-2018  11:21:44,27.96,27,27.11,27.99 x 800,27.94 x 3100,18235050
90,27-9-2018  11:22:13,27.97,27,27.11,27.91 x 800,27.94 x 3100,18235050
91,27-9-2018  11:22:41,27.92,27,27.11,27.9100 x 800,27.9100 x 3100,18235050
92,27-9-2018  11:23:10,27.9,27,27.11,27.82 x 800,27.85 x 1000,18235050
93,27-9-2018  11:23:39,27.88,27,27.11,27.8500 x 800,27.8500 x 1000,18235050
94,27-9-2018  11:24:8,27.86,27,27.11,27.85 x 800,27.84 x 1000,18235050
95,27-9-2018  11:24:37,27.88,27,27.11,27.85 x 800,27.84 x 1000,18235050
96,27-9-2018  11:25:6,27.8548,27,27.11,27.8200 x 800,27.8500 x 800,18235050
97,27-9-2018  11:25:35,27.83,27,27.11,27.8800 x 800,27.8500 x 1400,18235050
98,27-9-2018  11:26:4,27.85,27,27.11,27.79 x 800,27.86 x 800,18235050
99,27-9-2018  11:26:32,27.84,27,27.11,27.79 x 800,27.86 x 800,18235050
100,27-9-2018  11:27:1,27.82,27,27.11,27.79 x 800,27.84 x 800,18235050
101,27-9-2018  11:27:30,27.83,27,27.11,27.79 x 800,27.84 x 800,18235050
102,27-9-2018  11:27:59,27.8675,27,27.11,27.7200 x 800,27.7700 x 800,18235050
103,27-9-2018  11:28:27,27.89,27,27.11,27.72 x 800,27.70 x 800,18235050
104,27-9-2018  11:28:55,27.84,27,27.11,27.72 x 800,27.70 x 1400,18235050
105,27-9-2018  11:29:24,27.87,27,27.11,27.72 x 800,27.70 x 1400,18235050
106,27-9-2018  11:29:52,27.8472,27,27.11,27.7200 x 800,27.7400 x 1800,18235050
107,27-9-2018  11:30:21,27.84,27,27.11,27.70 x 800,27.70 x 1800,18235050
108,27-9-2018  11:30:50,27.8501,27,27.11,27.7100 x 800,27.7300 x 3000,18235050
109,27-9-2018  11:31:18,27.87,27,27.11,27.7100 x 800,27.7300 x 3000,18235050
110,27-9-2018  11:31:46,27.81,27,27.11,27.78 x 800,27.80 x 3000,18235050
111,27-9-2018  11:32:14,27.82,27,27.11,27.78 x 800,27.80 x 3000,18235050
112,27-9-2018  11:32:43,27.8,27,27.11,27.83 x 800,27.86 x 1200,18235050
113,27-9-2018  11:33:11,27.8,27,27.11,27.8300 x 800,27.8600 x 1200,18235050
114,27-9-2018  11:33:39,27.84,27,27.11,27.83 x 800,27.86 x 1200,18235050
115,27-9-2018  11:34:8,27.84,27,27.11,27.92 x 800,27.94 x 1800,18235050
116,27-9-2018  11:34:37,27.86,27,27.11,27.920 x 800,27.940 x 1800,18235050
117,27-9-2018  11:35:6,27.85,27,27.11,27.90 x 800,27.91 x 1800,18235050
118,27-9-2018  11:35:34,27.84,27,27.11,27.90 x 800,27.91 x 1800,18235050
119,27-9-2018  11:36:2,27.85,27,27.11,27.91 x 800,27.94 x 1800,18235050
120,27-9-2018  11:36:31,27.85,27,27.11,27.91 x 1000,27.95 x 1800,18235050
121,27-9-2018  11:36:59,27.85,27,27.11,27.91 x 1000,27.95 x 1800,18235050
122,27-9-2018  11:37:28,27.815,27,27.11,27.93 x 1000,27.96 x 1800,18235050
123,27-9-2018  11:37:58,27.83,27,27.11,27.90 x 1000,27.95 x 1800,18235050
124,27-9-2018  11:38:26,27.83,27,27.11,27.90 x 1000,27.95 x 1800,18235050
125,27-9-2018  11:38:54,27.86,27,27.11,27.90 x 1000,27.95 x 1800,18235050
126,27-9-2018  11:39:23,27.92,27,27.11,27.85 x 1000,27.89 x 1800,18235050
127,27-9-2018  11:39:51,27.91,27,27.11,27.86 x 1000,27.88 x 1800,18235050
128,27-9-2018  11:40:20,27.9,27,27.11,27.86 x 1000,27.88 x 1800,18235050
129,27-9-2018  11:40:48,27.96,27,27.11,27.840 x 1000,27.850 x 1000,18235050
130,27-9-2018  11:41:17,27.98,27,27.11,27.84 x 1000,27.85 x 1000,18235050
131,27-9-2018  11:41:45,28.02,27,27.11,27.82 x 1000,27.86 x 1000,18235050
132,27-9-2018  11:42:13,28.02,27,27.11,27.82 x 1000,27.86 x 1000,18235050
133,27-9-2018  11:42:42,27.9769,27,27.11,27.8300 x 1000,27.8400 x 1000,18235050
134,27-9-2018  11:43:10,27.9886,27,27.11,27.8300 x 1000,27.8400 x 1000,18235050
135,27-9-2018  11:43:39,27.96,27,27.11,27.87 x 1200,27.89 x 1000,18235050
136,27-9-2018  11:44:7,27.9437,27,27.11,27.8700 x 1200,27.8900 x 1000,18235050
137,27-9-2018  11:44:35,27.95,27,27.11,27.87 x 1200,27.89 x 1000,18235050
138,27-9-2018  11:45:3,27.945,27,27.11,27.870 x 1200,27.890 x 1000,18235050
139,27-9-2018  11:45:32,27.93,27,27.11,27.87 x 1200,27.89 x 1000,18235050
140,27-9-2018  11:46:0,27.91,27,27.11,27.85 x 1200,27.88 x 1000,18235050
141,27-9-2018  11:46:29,27.88,27,27.11,27.86 x 1200,27.88 x 1000,18235050
142,27-9-2018  11:46:57,27.88,27,27.11,27.83 x 1200,27.86 x 1100,18235050
143,27-9-2018  11:47:25,27.89,27,27.11,27.83 x 1200,27.86 x 1100,18235050
144,27-9-2018  11:47:54,27.94,27,27.11,27.78 x 1200,27.82 x 1100,18235050
145,27-9-2018  11:48:22,27.95,27,27.11,27.78 x 1200,27.82 x 1100,18235050
146,27-9-2018  11:48:51,27.96,27,27.11,27.78 x 1200,27.82 x 1100,18235050
147,27-9-2018  11:49:19,27.9906,27,27.11,27.8200 x 1200,27.8500 x 1100,18235050
148,27-9-2018  11:49:48,28.0375,27,27.11,27.8200 x 1200,27.8500 x 1100,18235050
149,27-9-2018  11:50:17,28.09,27,27.11,27.85 x 1200,27.86 x 1000,18235050
150,27-9-2018  11:50:46,28.06,27,27.11,27.85 x 1200,27.86 x 1000,18235050
151,27-9-2018  11:51:15,28.08,27,27.11,27.8200 x 1800,27.8500 x 1000,18235050
152,27-9-2018  11:51:43,28.06,27,27.11,27.82 x 1800,27.85 x 1000,18235050
153,27-9-2018  11:52:11,28.07,27,27.11,27.82 x 1800,27.85 x 1000,18235050
154,27-9-2018  11:52:40,28,27,27.11,27.83 x 900,27.83 x 1000,18235050
155,27-9-2018  11:53:8,28.0181,27,27.11,27.8300 x 900,27.8300 x 1000,18235050
156,27-9-2018  11:53:37,28.05,27,27.11,27.81 x 900,27.83 x 1000,18235050
157,27-9-2018  11:54:6,28.05,27,27.11,27.83 x 900,27.84 x 1000,18235050
158,27-9-2018  11:54:34,28.0694,27,27.11,27.8300 x 900,27.8400 x 1000,18235050
159,27-9-2018  11:55:3,28.08,27,27.11,27.90 x 900,27.91 x 1300,18235050
160,27-9-2018  11:55:31,28.05,27,27.11,27.90 x 900,27.91 x 1300,18235050
161,27-9-2018  11:56:0,28.09,27,27.11,27.90 x 900,27.91 x 800,18235050
162,27-9-2018  11:56:28,28.15,27,27.11,27.96 x 900,27.97 x 800,18235050
163,27-9-2018  11:56:57,28.13,27,27.11,27.96 x 900,27.97 x 800,18235050
164,27-9-2018  11:57:26,28.14,27,27.11,27.96 x 900,27.98 x 800,18235050
165,27-9-2018  11:57:55,28.14,27,27.11,27.96 x 900,27.98 x 800,18235050
166,27-9-2018  11:58:23,28.07,27,27.11,27.96 x 900,27.98 x 800,18235050
167,27-9-2018  11:58:52,28.07,27,27.11,27.95 x 900,27.98 x 800,18235050
168,27-9-2018  11:59:20,28.12,27,27.11,27.9500 x 900,27.9800 x 800,18235050
169,27-9-2018  11:59:50,28.1,27,27.11,27.93 x 900,27.94 x 800,18235050
170,27-9-2018  12:0:18,28.07,27,27.11,27.92 x 900,27.95 x 800,18235050
171,27-9-2018  12:0:48,28.1,27,27.11,27.9200 x 900,27.9500 x 800,18235050
172,27-9-2018  12:1:16,28.0699,27,27.11,27.8700 x 900,27.9200 x 800,18235050
173,27-9-2018  12:1:45,28.0599,27,27.11,27.8700 x 900,27.9200 x 800,18235050
174,27-9-2018  12:2:14,28.03,27,27.11,27.87 x 900,27.88 x 800,18235050
175,27-9-2018  12:2:43,28.03,27,27.11,27.87 x 900,27.88 x 800,18235050
176,27-9-2018  12:3:12,28.02,27,27.11,27.93 x 900,27.95 x 800,18235050
177,27-9-2018  12:3:40,28.01,27,27.11,27.93 x 900,27.95 x 800,18235050
178,27-9-2018  12:4:9,28.02,27,27.11,27.93 x 900,27.96 x 800,18235050
179,27-9-2018  12:4:38,28.01,27,27.11,27.930 x 900,27.960 x 800,18235050
180,27-9-2018  12:5:6,28.02,27,27.11,27.99 x 900,28.01 x 800,18235050
181,27-9-2018  12:5:35,28.02,27,27.11,28.06 x 900,28.10 x 800,18235050
182,27-9-2018  12:6:3,28.0441,27,27.11,28.0600 x 900,28.1000 x 800,18235050
183,27-9-2018  12:6:32,28.04,27,27.11,28.06 x 900,28.07 x 800,18235050
184,27-9-2018  12:7:0,28.04,27,27.11,28.06 x 900,28.07 x 800,18235050
185,27-9-2018  12:7:29,28.0461,27,27.11,28.0300 x 900,28.0700 x 800,18235050
186,27-9-2018  12:7:57,28.04,27,27.11,28.03 x 900,28.07 x 800,18235050
187,27-9-2018  12:8:26,28.0339,27,27.11,28.0300 x 900,28.0700 x 3100,18235050
188,27-9-2018  12:8:55,28.04,27,27.11,28.0200 x 900,28.0500 x 3100,18235050
189,27-9-2018  12:9:23,28.04,27,27.11,28.0600 x 900,28.0800 x 3100,18235050
190,27-9-2018  12:9:51,28.05,27,27.11,28.06 x 900,28.08 x 3100,18235050
191,27-9-2018  12:10:21,28.05,27,27.11,28.06 x 900,28.07 x 3200,18235050
192,27-9-2018  12:10:49,27.97,27,27.11,28.06 x 900,28.07 x 3200,18235050
193,27-9-2018  12:11:18,27.98,27,27.11,28.08 x 900,28.10 x 800,18235050
194,27-9-2018  12:11:46,27.9867,27,27.11,28.0800 x 900,28.1000 x 800,18235050
195,27-9-2018  12:12:15,28.0378,27,27.11,28.1600 x 900,28.1600 x 800,18235050
196,27-9-2018  12:12:43,28.04,27,27.11,28.15 x 900,28.15 x 800,18235050
197,27-9-2018  12:13:11,28.05,27,27.11,28.1500 x 900,28.1500 x 800,18235050
198,27-9-2018  12:13:40,28.05,27,27.11,28.15 x 900,28.15 x 800,18235050
199,27-9-2018  12:14:9,28.1,27,27.11,28.06 x 900,28.09 x 800,18235050
200,27-9-2018  12:14:38,28.1,27,27.11,28.0600 x 4000,28.0900 x 800,18235050
201,27-9-2018  12:15:6,28.1,27,27.11,28.09 x 4000,28.09 x 800,18235050
202,27-9-2018  12:15:35,28.106,27,27.11,28.090 x 4000,28.090 x 800,18235050
203,27-9-2018  12:16:3,28.07,27,27.11,28.08 x 4000,28.09 x 800,18235050
204,27-9-2018  12:16:32,28.12,27,27.11,28.08 x 4000,28.09 x 800,18235050
205,27-9-2018  12:17:1,28.12,27,27.11,28.04 x 4000,28.05 x 800,18235050
206,27-9-2018  12:17:29,28.1,27,27.11,28.04 x 4000,28.05 x 800,18235050
207,27-9-2018  12:17:58,28.14,27,27.11,28.04 x 4000,28.05 x 800,18235050
208,27-9-2018  12:18:26,28.1,27,27.11,28.04 x 4000,28.05 x 1200,18235050
209,27-9-2018  12:18:54,28.12,27,27.11,28.0100 x 4000,28.0300 x 1200,18235050
210,27-9-2018  12:19:22,28.12,27,27.11,28.0100 x 4000,28.0300 x 1200,18235050
211,27-9-2018  12:19:51,28.12,27,27.11,28.01 x 4000,28.03 x 800,18235050
212,27-9-2018  12:20:19,28.14,27,27.11,28.0200 x 900,28.0300 x 800,18235050
213,27-9-2018  12:20:48,28.17,27,27.11,28.03 x 900,28.04 x 800,18235050
214,27-9-2018  12:21:16,28.19,27,27.11,28.03 x 900,28.04 x 800,18235050
215,27-9-2018  12:21:44,28.18,27,27.11,28.03 x 900,28.04 x 800,18235050
216,27-9-2018  12:22:13,28.1899,27,27.11,28.0300 x 900,28.0400 x 900,18235050
217,27-9-2018  12:22:42,28.1891,27,27.11,28.0300 x 900,28.0400 x 900,18235050
218,27-9-2018  12:23:11,28.19,27,27.11,28.03 x 900,28.04 x 1800,18235050
219,27-9-2018  12:23:40,28.17,27,27.11,28.03 x 900,28.04 x 1800,18235050
220,27-9-2018  12:24:9,28.176,27,27.11,28.030 x 900,28.040 x 1800,18235050
221,27-9-2018  12:24:38,28.19,27,27.11,28.03 x 900,28.04 x 1300,18235050
222,27-9-2018  12:25:6,28.16,27,27.11,28.03 x 900,28.04 x 1300,18235050
223,27-9-2018  12:25:35,28.18,27,27.11,28.03 x 900,28.04 x 1100,18235050
224,27-9-2018  12:26:4,28.21,27,27.11,28.02 x 900,28.03 x 2200,18235050
225,27-9-2018  12:26:32,28.22,27,27.11,28.02 x 900,28.03 x 2200,18235050
226,27-9-2018  12:27:1,28.2301,27,27.11,27.9700 x 800,27.9800 x 1800,18235050
227,27-9-2018  12:27:29,28.2132,27,27.11,27.9700 x 800,27.9800 x 1800,18235050
228,27-9-2018  12:27:57,28.25,27,27.11,28.04 x 800,28.04 x 800,18235050
229,27-9-2018  12:28:26,28.21,27,27.11,28.040 x 800,28.040 x 800,18235050
230,27-9-2018  12:28:55,28.22,27,27.11,28.04 x 800,28.04 x 800,18235050
231,27-9-2018  12:29:24,28.2119,27,27.11,28.0600 x 800,28.0600 x 800,18235050
232,27-9-2018  12:29:53,28.215,27,27.11,28.060 x 800,28.060 x 800,18235050
233,27-9-2018  12:30:21,28.22,27,27.11,28.10 x 1200,28.11 x 1200,18235050
234,27-9-2018  12:30:49,28.24,27,27.11,28.10 x 1200,28.11 x 1200,18235050
235,27-9-2018  12:31:18,28.29,27,27.11,28.08 x 800,28.09 x 1200,18235050
236,27-9-2018  12:31:47,28.2323,27,27.11,28.0800 x 800,28.0900 x 1200,18235050
237,27-9-2018  12:32:16,28.27,27,27.11,28.12 x 1800,28.12 x 1000,18235050
238,27-9-2018  12:32:45,28.28,27,27.11,28.120 x 1800,28.120 x 1000,18235050
239,27-9-2018  12:33:14,28.26,27,27.11,28.12 x 1800,28.16 x 1000,18235050
240,27-9-2018  12:33:42,28.26,27,27.11,28.09 x 1400,28.13 x 1000,18235050
241,27-9-2018  12:34:11,28.27,27,27.11,28.11 x 1400,28.13 x 1000,18235050
242,27-9-2018  12:34:40,28.3,27,27.11,28.1100 x 1400,28.1200 x 1800,18235050
243,27-9-2018  12:35:9,28.32,27,27.11,28.12 x 1400,28.12 x 1800,18235050
244,27-9-2018  12:35:37,28.32,27,27.11,28.12 x 1400,28.15 x 1400,18235050
245,27-9-2018  12:36:5,28.32,27,27.11,28.1500 x 1400,28.1900 x 1400,18235050
246,27-9-2018  12:36:34,28.3,27,27.11,28.150 x 1400,28.190 x 1400,18235050
247,27-9-2018  12:37:2,28.305,27,27.11,28.150 x 1400,28.190 x 1400,18235050
248,27-9-2018  12:37:31,28.32,27,27.11,28.1800 x 1400,28.2000 x 900,18235050
249,27-9-2018  12:38:0,28.3,27,27.11,28.19 x 1400,28.20 x 900,18235050
250,27-9-2018  12:38:28,28.3099,27,27.11,28.1900 x 1400,28.1900 x 900,18235050
251,27-9-2018  12:38:57,28.35,27,27.11,28.19 x 1400,28.19 x 900,18235050
252,27-9-2018  12:39:26,28.32,27,27.11,28.19 x 1400,28.18 x 800,18235050
253,27-9-2018  12:39:55,28.31,27,27.11,28.17 x 1400,28.18 x 800,18235050
254,27-9-2018  12:40:23,28.3,27,27.11,28.17 x 1400,28.17 x 1100,18235050
255,27-9-2018  12:40:52,28.26,27,27.11,28.17 x 1400,28.17 x 1100,18235050
256,27-9-2018  12:41:21,28.25,27,27.11,28.17 x 1400,28.22 x 1100,18235050
257,27-9-2018  12:41:50,28.24,27,27.11,28.1700 x 2900,28.2200 x 1100,18235050
258,27-9-2018  12:42:18,28.26,27,27.11,28.23 x 2900,28.23 x 1100,18235050
259,27-9-2018  12:42:46,28.26,27,27.11,28.22 x 2900,28.23 x 1100,18235050
260,27-9-2018  12:43:15,28.27,27,27.11,28.22 x 2900,28.24 x 1100,18235050
261,27-9-2018  12:43:44,28.26,27,27.11,28.2200 x 2900,28.2400 x 1100,18235050
262,27-9-2018  12:44:13,28.26,27,27.11,28.2100 x 2900,28.2300 x 1100,18235050
263,27-9-2018  12:44:41,28.25,27,27.11,28.20 x 2900,28.23 x 1100,18235050
264,27-9-2018  12:45:10,28.1625,27,27.11,28.2000 x 2900,28.2300 x 1100,18235050
265,27-9-2018  12:45:38,28.17,27,27.11,28.2200 x 2900,28.2300 x 1100,18235050
266,27-9-2018  12:46:7,28.19,27,27.11,28.22 x 2900,28.24 x 1100,18235050
267,27-9-2018  12:46:35,28.19,27,27.11,28.24 x 2900,28.30 x 1100,18235050
268,27-9-2018  12:47:4,28.175,27,27.11,28.240 x 2900,28.300 x 1100,18235050
269,27-9-2018  12:47:32,28.17,27,27.11,28.2400 x 2900,28.3000 x 1100,18235050
270,27-9-2018  12:48:1,28.15,27,27.11,28.26 x 2900,28.26 x 1100,18235050
271,27-9-2018  12:48:30,28.16,27,27.11,28.26 x 3100,28.27 x 1100,18235050
272,27-9-2018  12:48:59,28.1002,27,27.11,28.2600 x 3100,28.2700 x 1100,18235050
273,27-9-2018  12:49:28,28.11,27,27.11,28.26 x 3100,28.27 x 1100,18235050
274,27-9-2018  12:49:57,28.1522,27,27.11,28.2600 x 3100,28.2600 x 1100,18235050
275,27-9-2018  12:50:25,28.17,27,27.11,28.30 x 2200,28.31 x 900,18235050
276,27-9-2018  12:50:54,28.14,27,27.11,28.30 x 2200,28.31 x 900,18235050
277,27-9-2018  12:51:23,28.149,27,27.11,28.320 x 1800,28.330 x 900,18235050
278,27-9-2018  12:51:51,28.1501,27,27.11,28.3200 x 1800,28.3300 x 900,18235050
279,27-9-2018  12:52:20,28.15,27,27.11,28.32 x 1800,28.33 x 900,18235050
280,27-9-2018  12:52:49,28.15,27,27.11,28.3100 x 1800,28.3200 x 800,18235050
281,27-9-2018  12:53:17,28.15,27,27.11,28.31 x 1800,28.32 x 800,18235050
282,27-9-2018  12:53:46,28.17,27,27.11,28.31 x 1800,28.32 x 1200,18235050
283,27-9-2018  12:54:16,28.18,27,27.11,28.31 x 1800,28.32 x 1200,18235050
284,27-9-2018  12:54:44,28.17,27,27.11,28.33 x 1800,28.35 x 1100,18235050
285,27-9-2018  12:55:13,28.2358,27,27.11,28.3300 x 1800,28.3500 x 1100,18235050
286,27-9-2018  12:55:42,28.21,27,27.11,28.3000 x 1800,28.3300 x 1100,18235050
287,27-9-2018  12:56:10,28.21,27,27.11,28.30 x 1800,28.33 x 1100,18235050
288,27-9-2018  12:56:39,28.21,27,27.11,28.22 x 1800,28.23 x 1100,18235050
289,27-9-2018  12:57:7,28.21,27,27.11,28.24 x 1800,28.24 x 1100,18235050
290,27-9-2018  12:57:36,28.21,27,27.11,28.24 x 1800,28.24 x 1100,18235050
291,27-9-2018  12:58:5,28.22,27,27.11,28.25 x 1800,28.26 x 1000,18235050
292,27-9-2018  12:58:33,28.21,27,27.11,28.25 x 1800,28.26 x 1000,18235050
293,27-9-2018  12:59:2,28.22,27,27.11,28.25 x 1800,28.26 x 1000,18235050
294,27-9-2018  12:59:31,28.2,27,27.11,28.260 x 1800,28.280 x 800,18235050
295,27-9-2018  13:0:0,28.2,27,27.11,28.26 x 1800,28.28 x 800,18235050
296,27-9-2018  13:0:29,28.19,27,27.11,28.20 x 1800,28.22 x 800,18235050
297,27-9-2018  13:0:58,28.21,27,27.11,28.20 x 1800,28.22 x 800,18235050
298,27-9-2018  13:1:26,28.17,27,27.11,28.20 x 1800,28.21 x 800,18235050
299,27-9-2018  13:1:56,28.14,27,27.11,28.16 x 1800,28.18 x 800,18235050
300,27-9-2018  13:2:24,28.1438,27,27.11,28.1600 x 1800,28.1800 x 800,18235050
301,27-9-2018  13:2:52,28.16,27,27.11,28.16 x 1800,28.18 x 800,18235050
302,27-9-2018  13:3:21,28.17,27,27.11,28.16 x 1800,28.18 x 800,18235050
303,27-9-2018  13:3:49,28.17,27,27.11,28.1600 x 1800,28.1600 x 1000,18235050
304,27-9-2018  13:4:18,28.16,27,27.11,28.10 x 1800,28.16 x 1000,18235050
305,27-9-2018  13:4:47,28.17,27,27.11,28.10 x 1800,28.12 x 1000,18235050
306,27-9-2018  13:5:16,28.17,27,27.11,28.10 x 1800,28.18 x 1000,18235050
307,27-9-2018  13:5:45,28.21,27,27.11,28.16 x 1800,28.18 x 1000,18235050
308,27-9-2018  13:6:14,28.19,27,27.11,28.16 x 1800,28.16 x 1000,18235050
309,27-9-2018  13:6:43,28.17,27,27.11,28.15 x 1800,28.16 x 1000,18235050
310,27-9-2018  13:7:13,28.1622,27,27.11,28.1600 x 1000,28.1700 x 1000,18235050
311,27-9-2018  13:7:42,28.17,27,27.11,28.16 x 1000,28.16 x 1000,18235050
312,27-9-2018  13:8:11,28.18,27,27.11,28.16 x 1000,28.16 x 1000,18235050
313,27-9-2018  13:8:40,28.18,27,27.11,28.15 x 800,28.17 x 1000,18235050
314,27-9-2018  13:9:9,28.1726,27,27.11,28.1500 x 800,28.1700 x 1000,18235050
315,27-9-2018  13:9:38,28.19,27,27.11,28.18 x 800,28.19 x 1000,18235050
316,27-9-2018  13:10:7,28.18,27,27.11,28.2000 x 800,28.2100 x 1000,18235050
317,27-9-2018  13:10:36,28.17,27,27.11,28.2000 x 800,28.2100 x 1000,18235050
318,27-9-2018  13:11:5,28.17,27,27.11,28.20 x 800,28.21 x 1000,18235050
319,27-9-2018  13:11:34,28.18,27,27.11,28.21 x 1200,28.21 x 1000,18235050
320,27-9-2018  13:12:3,28.18,27,27.11,28.210 x 1200,28.210 x 1000,18235050
321,27-9-2018  13:12:32,28.18,27,27.11,28.21 x 1200,28.21 x 2200,18235050
322,27-9-2018  13:13:1,28.18,27,27.11,28.21 x 1200,28.21 x 2200,18235050
323,27-9-2018  13:13:30,28.18,27,27.11,28.22 x 2200,28.21 x 2200,18235050
324,27-9-2018  13:13:59,28.156,27,27.11,28.220 x 1400,28.220 x 900,18235050
325,27-9-2018  13:14:27,28.15,27,27.11,28.22 x 1400,28.23 x 900,18235050
326,27-9-2018  13:14:56,28.12,27,27.11,28.22 x 1400,28.23 x 900,18235050
327,27-9-2018  13:15:25,28.12,27,27.11,28.1900 x 1400,28.2000 x 1800,18235050
328,27-9-2018  13:15:54,28.1073,27,27.11,28.1900 x 1400,28.2000 x 1800,18235050
329,27-9-2018  13:16:23,28.11,27,27.11,28.18 x 1400,28.20 x 1800,18235050
330,27-9-2018  13:16:52,28.12,27,27.11,28.18 x 1400,28.20 x 1800,18235050
331,27-9-2018  13:17:21,28.1,27,27.11,28.14 x 1400,28.14 x 1400,18235050
332,27-9-2018  13:17:49,28.08,27,27.11,28.14 x 1200,28.14 x 1400,18235050
333,27-9-2018  13:18:18,28.09,27,27.11,28.14 x 1200,28.14 x 1400,18235050
334,27-9-2018  13:18:46,28.11,27,27.11,28.16 x 1200,28.18 x 1400,18235050
335,27-9-2018  13:19:15,28.09,27,27.11,28.16 x 1200,28.18 x 1400,18235050
336,27-9-2018  13:19:44,28.0801,27,27.11,28.1600 x 1200,28.1700 x 1400,18235050
337,27-9-2018  13:20:13,28.08,27,27.11,28.16 x 1200,28.17 x 1400,18235050
338,27-9-2018  13:20:42,28.06,27,27.11,28.18 x 1200,28.18 x 1400,18235050
339,27-9-2018  13:21:11,28.03,27,27.11,28.18 x 1200,28.18 x 1400,18235050
340,27-9-2018  13:21:40,28.03,27,27.11,28.18 x 1200,28.18 x 1400,18235050
341,27-9-2018  13:22:8,28.02,27,27.11,28.17 x 1200,28.18 x 1400,18235050
342,27-9-2018  13:22:37,28.05,27,27.11,28.17 x 1200,28.18 x 1400,18235050
343,27-9-2018  13:23:5,27.99,27,27.11,28.15 x 1200,28.16 x 1200,18235050
344,27-9-2018  13:23:35,27.98,27,27.11,28.1500 x 1200,28.1600 x 1200,18235050
345,27-9-2018  13:24:4,27.9318,27,27.11,28.1500 x 1200,28.1600 x 1200,18235050
346,27-9-2018  13:24:32,27.91,27,27.11,28.18 x 2200,28.19 x 900,18235050
347,27-9-2018  13:25:1,27.94,27,27.11,28.1800 x 2200,28.1900 x 900,18235050
348,27-9-2018  13:25:31,27.92,27,27.11,28.18 x 2200,28.19 x 900,18235050
349,27-9-2018  13:26:0,27.93,27,27.11,28.18 x 2200,28.19 x 1400,18235050
350,27-9-2018  13:26:29,27.9,27,27.11,28.17 x 2200,28.18 x 1000,18235050
351,27-9-2018  13:26:57,27.8955,27,27.11,28.1700 x 2200,28.1800 x 1000,18235050
352,27-9-2018  13:27:26,27.88,27,27.11,28.18 x 800,28.19 x 800,18235050
353,27-9-2018  13:27:56,27.85,27,27.11,28.18 x 800,28.19 x 800,18235050
354,27-9-2018  13:28:25,27.87,27,27.11,28.18 x 800,28.19 x 800,18235050
355,27-9-2018  13:28:53,27.86,27,27.11,28.17 x 800,28.18 x 1300,18235050
356,27-9-2018  13:29:22,27.86,27,27.11,28.17 x 800,28.18 x 1300,18235050
357,27-9-2018  13:29:50,27.81,27,27.11,28.13 x 2900,28.14 x 1100,18235050
358,27-9-2018  13:30:19,27.83,27,27.11,28.13 x 2900,28.14 x 1100,18235050
359,27-9-2018  13:30:48,27.81,27,27.11,28.1100 x 2900,28.1300 x 1300,18235050
360,27-9-2018  13:31:16,27.82,27,27.11,28.11 x 2900,28.13 x 1300,18235050
361,27-9-2018  13:31:45,27.85,27,27.11,28.11 x 3200,28.12 x 800,18235050
362,27-9-2018  13:32:15,27.83,27,27.11,28.11 x 3200,28.12 x 800,18235050
363,27-9-2018  13:32:44,27.829,27,27.11,28.1100 x 3200,28.1200 x 900,18235050
364,27-9-2018  13:33:13,27.8599,27,27.11,28.0900 x 3200,28.1000 x 1400,18235050
365,27-9-2018  13:33:42,27.89,27,27.11,28.07 x 3200,28.08 x 1800,18235050
366,27-9-2018  13:34:11,27.86,27,27.11,28.07 x 3200,28.08 x 1800,18235050
367,27-9-2018  13:34:40,27.83,27,27.11,28.0700 x 3200,28.0800 x 800,18235050
368,27-9-2018  13:35:9,27.835,27,27.11,28.090 x 1300,28.080 x 900,18235050
369,27-9-2018  13:35:39,27.86,27,27.11,28.09 x 1300,28.10 x 900,18235050
370,27-9-2018  13:36:8,27.85,27,27.11,28.0600 x 3100,28.0700 x 2200,18235050
371,27-9-2018  13:36:36,27.85,27,27.11,28.06 x 3100,28.07 x 2200,18235050
372,27-9-2018  13:37:5,27.85,27,27.11,28.04 x 3100,28.07 x 1400,18235050
373,27-9-2018  13:37:35,27.84,27,27.11,28.04 x 3100,28.04 x 1400,18235050
374,27-9-2018  13:38:4,27.81,27,27.11,28.03 x 3100,28.02 x 1800,18235050
375,27-9-2018  13:38:34,27.8199,27,27.11,28.0300 x 3100,28.0200 x 1800,18235050
376,27-9-2018  13:39:3,27.8012,27,27.11,27.9700 x 3100,27.9800 x 2200,18235050
377,27-9-2018  13:39:32,27.76,27,27.11,27.97 x 3100,27.98 x 2200,18235050
378,27-9-2018  13:40:1,27.76,27,27.11,27.9100 x 1100,27.9200 x 1000,18235050
379,27-9-2018  13:40:30,27.77,27,27.11,27.91 x 1100,27.92 x 1000,18235050
380,27-9-2018  13:40:59,27.77,27,27.11,27.92 x 1100,27.93 x 1800,18235050
381,27-9-2018  13:41:28,27.7873,27,27.11,27.9200 x 1100,27.9300 x 1800,18235050
382,27-9-2018  13:41:57,27.75,27,27.11,27.92 x 1100,27.93 x 1800,18235050
383,27-9-2018  13:42:26,27.7299,27,27.11,27.8900 x 800,27.9100 x 800,18235050
384,27-9-2018  13:42:55,27.71,27,27.11,27.89 x 800,27.91 x 800,18235050
385,27-9-2018  13:43:24,27.71,27,27.11,27.89 x 800,27.91 x 800,18235050
386,27-9-2018  13:43:53,27.64,27,27.11,27.86 x 800,27.88 x 800,18235050
387,27-9-2018  13:44:22,27.68,27,27.11,27.85 x 800,27.88 x 800,18235050
388,27-9-2018  13:44:51,27.69,27,27.11,27.85 x 800,27.88 x 800,18235050
389,27-9-2018  13:45:20,27.64,27,27.11,27.810 x 800,27.820 x 800,18235050
390,27-9-2018  13:45:49,27.63,27,27.11,27.81 x 800,27.82 x 800,18235050
391,27-9-2018  13:46:18,27.6,27,27.11,27.82 x 1800,27.81 x 1400,18235050
392,27-9-2018  13:46:47,27.56,27,27.11,27.81 x 3100,27.81 x 1400,18235050
393,27-9-2018  13:47:16,27.54,27,27.11,27.81 x 3100,27.83 x 800,18235050
394,27-9-2018  13:47:45,27.54,27,27.11,27.81 x 3100,27.83 x 800,18235050
395,27-9-2018  13:48:15,27.51,27,27.11,27.8300 x 4000,27.8600 x 800,18235050
396,27-9-2018  13:48:44,27.54,27,27.11,27.83 x 4000,27.86 x 800,18235050
397,27-9-2018  13:49:13,27.56,27,27.11,27.89 x 1400,27.89 x 800,18235050
398,27-9-2018  13:49:43,27.58,27,27.11,27.89 x 1400,27.89 x 800,18235050
399,27-9-2018  13:50:12,27.6466,27,27.11,27.8200 x 1400,27.8300 x 1200,18235050
400,27-9-2018  13:50:41,27.6399,27,27.11,27.8200 x 1400,27.8300 x 1200,18235050
401,27-9-2018  13:51:10,27.6,27,27.11,27.8400 x 1400,27.8500 x 1100,18235050
402,27-9-2018  13:51:40,27.61,27,27.11,27.84 x 1400,27.85 x 1100,18235050
403,27-9-2018  13:52:8,27.61,27,27.11,27.84 x 1400,27.86 x 1100,18235050
404,27-9-2018  13:52:38,27.59,27,27.11,27.84 x 1400,27.86 x 1100,18235050
405,27-9-2018  13:53:7,27.63,27,27.11,27.82 x 800,27.83 x 800,18235050
406,27-9-2018  13:53:36,27.64,27,27.11,27.82 x 800,27.83 x 800,18235050
407,27-9-2018  13:54:5,27.6745,27,27.11,27.8200 x 800,27.8300 x 800,18235050
408,27-9-2018  13:54:34,27.68,27,27.11,27.79 x 800,27.81 x 1000,18235050
409,27-9-2018  13:55:3,27.71,27,27.11,27.79 x 800,27.81 x 1000,18235050
410,27-9-2018  13:55:33,27.685,27,27.11,27.790 x 800,27.810 x 1000,18235050
411,27-9-2018  13:56:2,27.74,27,27.11,27.77 x 1000,27.78 x 1000,18235050
412,27-9-2018  13:56:31,27.7535,27,27.11,27.7700 x 4000,27.7800 x 1000,18235050
413,27-9-2018  13:56:59,27.78,27,27.11,27.76 x 4000,27.78 x 1000,18235050
414,27-9-2018  13:57:28,27.79,27,27.11,27.7600 x 4000,27.7800 x 1000,18235050
415,27-9-2018  13:57:57,27.78,27,27.11,27.76 x 900,27.78 x 1000,18235050
416,27-9-2018  13:58:27,27.71,27,27.11,27.71 x 800,27.72 x 1100,18235050
417,27-9-2018  13:58:55,27.71,27,27.11,27.66 x 800,27.68 x 1100,18235050
418,27-9-2018  13:59:24,27.71,27,27.11,27.660 x 800,27.680 x 1100,18235050
419,27-9-2018  13:59:53,27.7,27,27.11,27.64 x 800,27.67 x 1100,18235050
420,27-9-2018  14:0:23,27.7,27,27.11,27.6400 x 800,27.6700 x 1100,18235050
421,27-9-2018  14:0:51,27.7,27,27.11,27.6600 x 800,27.6500 x 1100,18235050
422,27-9-2018  14:1:20,27.7,27,27.11,27.56 x 1100,27.60 x 2200,18235050
423,27-9-2018  14:1:48,27.749,27,27.11,27.560 x 1100,27.600 x 2200,18235050
424,27-9-2018  14:2:17,27.73,27,27.11,27.55 x 1100,27.57 x 2200,18235050
425,27-9-2018  14:2:46,27.77,27,27.11,27.5500 x 1100,27.5700 x 2200,18235050
426,27-9-2018  14:3:15,27.82,27,27.11,27.5200 x 1000,27.5300 x 2200,18235050
427,27-9-2018  14:3:44,27.75,27,27.11,27.53 x 800,27.55 x 2200,18235050
428,27-9-2018  14:4:12,27.7011,27,27.11,27.5300 x 800,27.5500 x 2200,18235050
429,27-9-2018  14:4:41,27.72,27,27.11,27.53 x 800,27.57 x 2200,18235050
430,27-9-2018  14:5:9,27.71,27,27.11,27.56 x 800,27.57 x 2200,18235050
431,27-9-2018  14:5:38,27.65,27,27.11,27.56 x 800,27.65 x 2200,18235050
432,27-9-2018  14:6:7,27.61,27,27.11,27.60 x 800,27.65 x 2200,18235050
433,27-9-2018  14:6:37,27.63,27,27.11,27.60 x 800,27.65 x 2200,18235050
434,27-9-2018  14:7:6,27.61,27,27.11,27.60 x 800,27.62 x 2200,18235050
435,27-9-2018  14:7:34,27.66,27,27.11,27.6000 x 800,27.6100 x 1300,18235050
436,27-9-2018  14:8:3,27.64,27,27.11,27.60 x 800,27.61 x 1300,18235050
437,27-9-2018  14:8:32,27.63,27,27.11,27.63 x 800,27.65 x 1300,18235050
438,27-9-2018  14:9:2,27.63,27,27.11,27.63 x 800,27.65 x 1300,18235050
439,27-9-2018  14:9:30,27.65,27,27.11,27.6500 x 800,27.6600 x 1300,18235050
440,27-9-2018  14:10:0,27.68,27,27.11,27.65 x 800,27.66 x 1300,18235050
441,27-9-2018  14:10:28,27.74,27,27.11,27.68 x 800,27.73 x 800,18235050
442,27-9-2018  14:10:58,27.75,27,27.11,27.74 x 800,27.75 x 800,18235050
443,27-9-2018  14:11:27,27.7148,27,27.11,27.7400 x 800,27.7500 x 800,18235050
444,27-9-2018  14:11:56,27.75,27,27.11,27.7400 x 800,27.7500 x 800,18235050
445,27-9-2018  14:12:25,27.75,27,27.11,27.75 x 800,27.77 x 800,18235050
446,27-9-2018  14:12:53,27.7474,27,27.11,27.7800 x 1000,27.8100 x 800,18235050
447,27-9-2018  14:13:23,27.73,27,27.11,27.71 x 1000,27.74 x 800,18235050
448,27-9-2018  14:13:52,27.76,27,27.11,27.71 x 1000,27.74 x 800,18235050
449,27-9-2018  14:14:21,27.76,27,27.11,27.71 x 1000,27.74 x 800,18235050
450,27-9-2018  14:14:50,27.7672,27,27.11,27.7100 x 1000,27.7200 x 800,18235050
451,27-9-2018  14:15:19,27.787,27,27.11,27.690 x 3200,27.720 x 800,18235050
452,27-9-2018  14:15:48,27.786,27,27.11,27.690 x 3200,27.700 x 800,18235050
453,27-9-2018  14:16:17,27.78,27,27.11,27.69 x 3200,27.70 x 800,18235050
454,27-9-2018  14:16:46,27.7838,27,27.11,27.7000 x 1000,27.7100 x 800,18235050
455,27-9-2018  14:17:15,27.8299,27,27.11,27.70 x 1000,27.71 x 800,18235050
456,27-9-2018  14:17:44,27.798,27,27.11,27.740 x 800,27.750 x 800,18235050
457,27-9-2018  14:18:14,27.81,27,27.11,27.74 x 800,27.75 x 800,18235050
458,27-9-2018  14:18:42,27.81,27,27.11,27.77 x 800,27.78 x 800,18235050
459,27-9-2018  14:19:11,27.81,27,27.11,27.73 x 800,27.75 x 800,18235050
460,27-9-2018  14:19:40,27.81,27,27.11,27.7300 x 800,27.7500 x 800,18235050
461,27-9-2018  14:20:8,27.81,27,27.11,27.73 x 800,27.74 x 800,18235050
462,27-9-2018  14:20:37,27.81,27,27.11,27.71 x 800,27.74 x 800,18235050
463,27-9-2018  14:21:6,27.81,27,27.11,27.61 x 800,27.65 x 800,18235050
464,27-9-2018  14:21:35,27.81,27,27.11,27.610 x 800,27.620 x 800,18235050
465,27-9-2018  14:22:3,27.81,27,27.11,27.62 x 2200,27.62 x 800,18235050
466,27-9-2018  14:22:34,27.81,27,27.11,27.64 x 2200,27.64 x 800,18235050
467,27-9-2018  14:23:3,27.84,27,27.11,27.64 x 2200,27.64 x 800,18235050
468,27-9-2018  14:23:32,27.84,27,27.11,27.62 x 2200,27.64 x 800,18235050
469,27-9-2018  14:24:0,27.85,27,27.11,27.62 x 2200,27.64 x 800,18235050
470,27-9-2018  14:24:28,27.84,27,27.11,27.62 x 2200,27.64 x 800,18235050
471,27-9-2018  14:24:58,27.84,27,27.11,27.64 x 2200,27.66 x 800,18235050
472,27-9-2018  14:25:26,27.84,27,27.11,27.67 x 2200,27.69 x 800,18235050
473,27-9-2018  14:25:55,27.84,27,27.11,27.67 x 2200,27.69 x 800,18235050
474,27-9-2018  14:26:24,27.84,27,27.11,27.73 x 900,27.75 x 800,18235050
475,27-9-2018  14:26:53,27.845,27,27.11,27.730 x 900,27.750 x 800,18235050
476,27-9-2018  14:27:22,27.85,27,27.11,27.73 x 900,27.75 x 800,18235050
477,27-9-2018  14:27:51,27.82,27,27.11,27.73 x 900,27.77 x 800,18235050
478,27-9-2018  14:28:19,27.84,27,27.11,27.73 x 900,27.77 x 800,18235050
479,27-9-2018  14:28:48,27.89,27,27.11,27.74 x 900,27.75 x 800,18235050
480,27-9-2018  14:29:18,27.88,27,27.11,27.74 x 900,27.75 x 800,18235050
481,27-9-2018  14:29:47,27.9075,27,27.11,27.7400 x 900,27.7500 x 800,18235050
482,27-9-2018  14:30:15,27.89,27,27.11,27.77 x 1300,27.78 x 800,18235050
483,27-9-2018  14:30:44,27.8801,27,27.11,27.7700 x 1300,27.7800 x 800,18235050
484,27-9-2018  14:31:13,27.89,27,27.11,27.77 x 1300,27.78 x 2900,18235050
485,27-9-2018  14:31:43,27.88,27,27.11,27.77 x 800,27.78 x 2900,18235050
486,27-9-2018  14:32:12,27.88,27,27.11,27.77 x 800,27.81 x 1100,18235050
487,27-9-2018  14:32:41,27.8295,27,27.11,27.8100 x 800,27.8100 x 1100,18235050
488,27-9-2018  14:33:10,27.85,27,27.11,27.81 x 800,27.81 x 800,18235050
489,27-9-2018  14:33:39,27.84,27,27.11,27.81 x 800,27.81 x 800,18235050
490,27-9-2018  14:34:8,27.83,27,27.11,27.81 x 2200,27.81 x 800,18235050
491,27-9-2018  14:34:37,27.83,27,27.11,27.8100 x 2200,27.8100 x 800,18235050
492,27-9-2018  14:35:7,27.83,27,27.11,27.8100 x 2200,27.8100 x 800,18235050
493,27-9-2018  14:35:35,27.815,27,27.11,27.810 x 1000,27.810 x 1000,18235050
494,27-9-2018  14:36:5,27.82,27,27.11,27.81 x 900,27.81 x 1200,18235050
495,27-9-2018  14:36:34,27.795,27,27.11,27.810 x 900,27.810 x 1200,18235050
496,27-9-2018  14:37:3,27.8,27,27.11,27.81 x 800,27.81 x 800,18235050
497,27-9-2018  14:37:31,27.79,27,27.11,27.81 x 800,27.81 x 800,18235050
498,27-9-2018  14:38:0,27.78,27,27.11,27.81 x 1800,27.82 x 800,18235050
499,27-9-2018  14:38:29,27.7559,27,27.11,27.8100 x 1800,27.8200 x 800,18235050
500,27-9-2018  14:38:58,27.75,27,27.11,27.84 x 1800,27.85 x 800,18235050
501,27-9-2018  14:39:27,27.755,27,27.11,27.840 x 1800,27.850 x 800,18235050
502,27-9-2018  14:39:55,27.76,27,27.11,27.8400 x 1800,27.8500 x 800,18235050
503,27-9-2018  14:40:24,27.76,27,27.11,27.84 x 1800,27.85 x 800,18235050
504,27-9-2018  14:40:53,27.81,27,27.11,27.84 x 1800,27.85 x 800,18235050
505,27-9-2018  14:41:22,27.79,27,27.11,27.8400 x 2900,27.8500 x 800,18235050
506,27-9-2018  14:41:51,27.79,27,27.11,27.84 x 2900,27.85 x 800,18235050
507,27-9-2018  14:42:20,27.79,27,27.11,27.83 x 800,27.84 x 1400,18235050
508,27-9-2018  14:42:49,27.78,27,27.11,27.83 x 800,27.84 x 1400,18235050
509,27-9-2018  14:43:18,27.78,27,27.11,27.82 x 1800,27.83 x 1400,18235050
510,27-9-2018  14:43:47,27.735,27,27.11,27.820 x 1800,27.830 x 1400,18235050
511,27-9-2018  14:44:16,27.72,27,27.11,27.8200 x 900,27.8300 x 1400,18235050
512,27-9-2018  14:44:45,27.72,27,27.11,27.87 x 900,27.88 x 1400,18235050
513,27-9-2018  14:45:15,27.76,27,27.11,27.87 x 900,27.88 x 1400,18235050
514,27-9-2018  14:45:44,27.75,27,27.11,27.87 x 900,27.88 x 1400,18235050
515,27-9-2018  14:46:13,27.74,27,27.11,27.87 x 1200,27.89 x 1400,18235050
516,27-9-2018  14:46:42,27.74,27,27.11,27.87 x 1300,27.89 x 800,18235050
517,27-9-2018  14:47:11,27.74,27,27.11,27.870 x 1300,27.890 x 800,18235050
518,27-9-2018  14:47:40,27.72,27,27.11,27.87 x 1300,27.88 x 1100,18235050
519,27-9-2018  14:48:9,27.722,27,27.11,27.870 x 1300,27.880 x 1100,18235050
520,27-9-2018  14:48:38,27.7567,27,27.11,27.8500 x 1800,27.8600 x 1100,18235050
521,27-9-2018  14:49:7,27.73,27,27.11,27.8500 x 1800,27.8600 x 1100,18235050
522,27-9-2018  14:49:36,27.77,27,27.11,27.85 x 1800,27.86 x 1100,18235050
523,27-9-2018  14:50:4,27.78,27,27.11,27.8500 x 1800,27.8600 x 1100,18235050
524,27-9-2018  14:50:33,27.78,27,27.11,27.8100 x 1800,27.8100 x 1100,18235050
525,27-9-2018  14:51:2,27.78,27,27.11,27.81 x 1800,27.81 x 1100,18235050
526,27-9-2018  14:51:32,27.765,27,27.11,27.800 x 1800,27.810 x 4000,18235050
527,27-9-2018  14:52:1,27.77,27,27.11,27.80 x 1800,27.81 x 4000,18235050
528,27-9-2018  14:52:30,27.76,27,27.11,27.78 x 800,27.79 x 2900,18235050
529,27-9-2018  14:52:59,27.85,27,27.11,27.78 x 800,27.79 x 2900,18235050
530,27-9-2018  14:53:27,27.84,27,27.11,27.78 x 800,27.79 x 2900,18235050
531,27-9-2018  14:53:56,27.86,27,27.11,27.75 x 800,27.77 x 2900,18235050
532,27-9-2018  14:54:25,27.865,27,27.11,27.740 x 800,27.750 x 2900,18235050
533,27-9-2018  14:54:54,27.88,27,27.11,27.74 x 800,27.75 x 2900,18235050
534,27-9-2018  14:55:23,27.8601,27,27.11,27.7400 x 800,27.7500 x 1300,18235050
535,27-9-2018  14:55:53,27.88,27,27.11,27.76 x 1400,27.77 x 800,18235050
536,27-9-2018  14:56:22,27.88,27,27.11,27.76 x 1400,27.77 x 800,18235050
537,27-9-2018  14:56:51,27.89,27,27.11,27.78 x 1400,27.80 x 800,18235050
538,27-9-2018  14:57:20,27.88,27,27.11,27.78 x 1400,27.80 x 800,18235050
539,27-9-2018  14:57:49,27.88,27,27.11,27.78 x 1400,27.80 x 800,18235050
540,27-9-2018  14:58:18,27.87,27,27.11,27.78 x 1400,27.80 x 800,18235050
541,27-9-2018  14:58:46,27.88,27,27.11,27.77 x 1400,27.78 x 1000,18235050
542,27-9-2018  14:59:16,27.87,27,27.11,27.77 x 1400,27.78 x 1000,18235050
543,27-9-2018  14:59:45,27.87,27,27.11,27.77 x 1400,27.78 x 1000,18235050
544,27-9-2018  15:0:14,27.88,27,27.11,27.72 x 1400,27.74 x 1000,18235050
545,27-9-2018  15:0:43,27.9,27,27.11,27.72 x 1400,27.76 x 1000,18235050
546,27-9-2018  15:1:13,27.9,27,27.11,27.7100 x 1400,27.7600 x 1000,18235050
547,27-9-2018  15:1:42,27.89,27,27.11,27.7100 x 1400,27.7300 x 1000,18235050
548,27-9-2018  15:2:11,27.885,27,27.11,27.7100 x 1400,27.7300 x 1000,18235050
549,27-9-2018  15:2:40,27.87,27,27.11,27.72 x 800,27.73 x 1000,18235050
550,27-9-2018  15:3:8,27.85,27,27.11,27.72 x 800,27.73 x 1000,18235050
551,27-9-2018  15:3:37,27.85,27,27.11,27.72 x 800,27.72 x 1200,18235050
552,27-9-2018  15:4:6,27.85,27,27.11,27.72 x 800,27.72 x 1200,18235050
553,27-9-2018  15:4:35,27.87,27,27.11,27.74 x 800,27.77 x 1200,18235050
554,27-9-2018  15:5:4,27.88,27,27.11,27.74 x 800,27.77 x 1200,18235050
555,27-9-2018  15:5:32,27.88,27,27.11,27.74 x 800,27.77 x 1200,18235050
556,27-9-2018  15:6:1,27.9,27,27.11,27.74 x 800,27.77 x 1200,18235050
557,27-9-2018  15:6:30,27.88,27,27.11,27.74 x 800,27.77 x 1200,18235050
558,27-9-2018  15:6:59,27.9,27,27.11,27.74 x 800,27.77 x 1200,18235050
559,27-9-2018  15:7:28,27.9,27,27.11,27.78 x 800,27.77 x 1200,18235050
560,27-9-2018  15:7:58,27.9,27,27.11,27.77 x 800,27.78 x 1200,18235050
561,27-9-2018  15:8:26,27.9,27,27.11,27.77 x 800,27.78 x 1200,18235050
562,27-9-2018  15:8:55,27.8999,27,27.11,27.7700 x 800,27.7800 x 1200,18235050
563,27-9-2018  15:9:24,27.8801,27,27.11,27.8400 x 2200,27.8500 x 1200,18235050
564,27-9-2018  15:9:53,27.8701,27,27.11,27.8700 x 1300,27.8800 x 1200,18235050
565,27-9-2018  15:10:23,27.86,27,27.11,27.87 x 1300,27.88 x 1200,18235050
566,27-9-2018  15:10:52,27.87,27,27.11,27.87 x 1300,27.89 x 1200,18235050
567,27-9-2018  15:11:20,27.865,27,27.11,27.870 x 1300,27.890 x 1200,18235050
568,27-9-2018  15:11:50,27.86,27,27.11,27.87 x 1300,27.90 x 1200,18235050
569,27-9-2018  15:12:18,27.851,27,27.11,27.890 x 1300,27.890 x 1200,18235050
570,27-9-2018  15:12:47,27.85,27,27.11,27.88 x 1400,27.89 x 1200,18235050
571,27-9-2018  15:13:16,27.85,27,27.11,27.88 x 1400,27.87 x 3000,18235050
572,27-9-2018  15:13:46,27.865,27,27.11,27.860 x 1400,27.870 x 3000,18235050
573,27-9-2018  15:14:15,27.862,27,27.11,27.860 x 1400,27.890 x 800,18235050
574,27-9-2018  15:14:44,27.87,27,27.11,27.86 x 1400,27.89 x 800,18235050
575,27-9-2018  15:15:12,27.86,27,27.11,27.86 x 1400,27.89 x 800,18235050
576,27-9-2018  15:15:41,27.87,27,27.11,27.87 x 1100,27.88 x 800,18235050
577,27-9-2018  15:16:10,27.865,27,27.11,27.900 x 3200,27.910 x 1000,18235050
578,27-9-2018  15:16:39,27.86,27,27.11,27.90 x 3200,27.91 x 1000,18235050
579,27-9-2018  15:17:8,27.8601,27,27.11,27.8700 x 3200,27.9000 x 1000,18235050
580,27-9-2018  15:17:37,27.88,27,27.11,27.87 x 3200,27.90 x 1000,18235050
581,27-9-2018  15:18:6,27.86,27,27.11,27.87 x 3200,27.86 x 1000,18235050
582,27-9-2018  15:18:36,27.88,27,27.11,27.87 x 3200,27.86 x 1000,18235050
583,27-9-2018  15:19:4,27.91,27,27.11,27.84 x 3200,27.86 x 1000,18235050
584,27-9-2018  15:19:33,27.86,27,27.11,27.83 x 3200,27.85 x 1000,18235050
585,27-9-2018  15:20:2,27.88,27,27.11,27.83 x 3200,27.85 x 1000,18235050
586,27-9-2018  15:20:31,27.88,27,27.11,27.85 x 3200,27.87 x 1000,18235050
587,27-9-2018  15:21:0,27.85,27,27.11,27.85 x 3200,27.87 x 1000,18235050
588,27-9-2018  15:21:30,27.84,27,27.11,27.85 x 3200,27.87 x 1000,18235050
589,27-9-2018  15:21:58,27.84,27,27.11,27.90 x 1100,27.91 x 1000,18235050
590,27-9-2018  15:22:27,27.83,27,27.11,27.90 x 1100,27.91 x 1000,18235050
591,27-9-2018  15:22:56,27.83,27,27.11,27.90 x 1100,27.91 x 1000,18235050
592,27-9-2018  15:23:25,27.84,27,27.11,27.89 x 800,27.90 x 800,18235050
593,27-9-2018  15:23:53,27.84,27,27.11,27.89 x 800,27.90 x 800,18235050
594,27-9-2018  15:24:23,27.82,27,27.11,27.89 x 800,27.89 x 800,18235050
595,27-9-2018  15:24:52,27.81,27,27.11,27.8700 x 800,27.8900 x 800,18235050
596,27-9-2018  15:25:21,27.82,27,27.11,27.87 x 800,27.88 x 800,18235050
597,27-9-2018  15:25:50,27.82,27,27.11,27.87 x 800,27.88 x 800,18235050
598,27-9-2018  15:26:18,27.8001,27,27.11,27.8700 x 800,27.8600 x 800,18235050
599,27-9-2018  15:26:47,27.82,27,27.11,27.87 x 800,27.86 x 800,18235050
600,27-9-2018  15:27:16,27.82,27,27.11,27.85 x 800,27.86 x 800,18235050
601,27-9-2018  15:27:45,27.825,27,27.11,27.850 x 800,27.870 x 800,18235050
602,27-9-2018  15:28:14,27.82,27,27.11,27.84 x 800,27.87 x 800,18235050
603,27-9-2018  15:28:43,27.84,27,27.11,27.85 x 2200,27.85 x 800,18235050
604,27-9-2018  15:29:12,27.85,27,27.11,27.85 x 2200,27.85 x 800,18235050
605,27-9-2018  15:29:41,27.84,27,27.11,27.85 x 2200,27.88 x 800,18235050
606,27-9-2018  15:30:10,27.85,27,27.11,27.85 x 2200,27.88 x 900,18235050
607,27-9-2018  15:30:39,27.86,27,27.11,27.85 x 2200,27.88 x 900,18235050
608,27-9-2018  15:31:8,27.86,27,27.11,27.8500 x 2200,27.8800 x 800,18235050
609,27-9-2018  15:31:36,27.86,27,27.11,27.85 x 800,27.86 x 1800,18235050
610,27-9-2018  15:32:5,27.77,27,27.11,27.85 x 800,27.86 x 1800,18235050
611,27-9-2018  15:32:34,27.73,27,27.11,27.87 x 1800,27.87 x 1800,18235050
612,27-9-2018  15:33:3,27.7624,27,27.11,27.8700 x 1800,27.8700 x 1800,18235050
613,27-9-2018  15:33:31,27.77,27,27.11,27.860 x 4000,27.870 x 1800,18235050
614,27-9-2018  15:34:0,27.78,27,27.11,27.86 x 4000,27.87 x 1800,18235050
615,27-9-2018  15:34:29,27.78,27,27.11,27.86 x 4000,27.90 x 800,18235050
616,27-9-2018  15:34:58,27.7799,27,27.11,27.8800 x 4000,27.9000 x 800,18235050
617,27-9-2018  15:35:27,27.76,27,27.11,27.88 x 4000,27.90 x 800,18235050
618,27-9-2018  15:35:56,27.78,27,27.11,27.86 x 4000,27.87 x 2200,18235050
619,27-9-2018  15:36:25,27.74,27,27.11,27.86 x 4000,27.87 x 2200,18235050
620,27-9-2018  15:36:54,27.71,27,27.11,27.8300 x 1200,27.8700 x 2200,18235050
621,27-9-2018  15:37:22,27.7033,27,27.11,27.8300 x 1200,27.8300 x 900,18235050
622,27-9-2018  15:37:52,27.7,27,27.11,27.83 x 1200,27.83 x 900,18235050
623,27-9-2018  15:38:20,27.71,27,27.11,27.83 x 3200,27.84 x 900,18235050
624,27-9-2018  15:38:49,27.71,27,27.11,27.83 x 3200,27.84 x 900,18235050
625,27-9-2018  15:39:18,27.7,27,27.11,27.82 x 800,27.83 x 1200,18235050
626,27-9-2018  15:39:47,27.73,27,27.11,27.82 x 800,27.83 x 1200,18235050
627,27-9-2018  15:40:16,27.74,27,27.11,27.79 x 800,27.81 x 1200,18235050
628,27-9-2018  15:40:45,27.74,27,27.11,27.79 x 800,27.81 x 1200,18235050
629,27-9-2018  15:41:13,27.75,27,27.11,27.81 x 800,27.83 x 1800,18235050
630,27-9-2018  15:41:42,27.78,27,27.11,27.81 x 800,27.83 x 1800,18235050
631,27-9-2018  15:42:10,27.76,27,27.11,27.82 x 1000,27.83 x 1800,18235050
632,27-9-2018  15:42:38,27.765,27,27.11,27.820 x 1000,27.830 x 1800,18235050
633,27-9-2018  15:43:7,27.7559,27,27.11,27.8200 x 2200,27.8300 x 1800,18235050
634,27-9-2018  15:43:36,27.775,27,27.11,27.820 x 2200,27.830 x 1800,18235050
635,27-9-2018  15:44:5,27.77,27,27.11,27.840 x 2200,27.850 x 1800,18235050
636,27-9-2018  15:44:34,27.78,27,27.11,27.84 x 2200,27.85 x 1800,18235050
637,27-9-2018  15:45:3,27.79,27,27.11,27.84 x 2200,27.84 x 1800,18235050
638,27-9-2018  15:45:32,27.7873,27,27.11,27.8600 x 4000,27.8700 x 1800,18235050
639,27-9-2018  15:46:0,27.7703,27,27.11,27.8600 x 4000,27.8700 x 1800,18235050
640,27-9-2018  15:46:29,27.76,27,27.11,27.86 x 3200,27.87 x 1800,18235050
641,27-9-2018  15:46:58,27.759,27,27.11,27.860 x 3200,27.870 x 1800,18235050
642,27-9-2018  15:47:27,27.76,27,27.11,27.72 x 3200,27.74 x 1800,18235050
643,27-9-2018  15:47:55,27.76,27,27.11,27.7200 x 3200,27.7400 x 1800,18235050
644,27-9-2018  15:48:24,27.7519,27,27.11,27.7700 x 1400,27.7400 x 800,18235050
645,27-9-2018  15:48:53,27.7574,27,27.11,27.7700 x 1400,27.7800 x 800,18235050
646,27-9-2018  15:49:22,27.73,27,27.11,27.77 x 1200,27.78 x 800,18235050
647,27-9-2018  15:49:50,27.76,27,27.11,27.79 x 1200,27.80 x 800,18235050
648,27-9-2018  15:50:19,27.78,27,27.11,27.7800 x 1200,27.7900 x 1100,18235050
649,27-9-2018  15:50:48,27.77,27,27.11,27.77 x 1400,27.79 x 1200,18235050
650,27-9-2018  15:51:17,27.77,27,27.11,27.77 x 1400,27.78 x 1200,18235050
651,27-9-2018  15:51:46,27.76,27,27.11,27.77 x 1400,27.78 x 1200,18235050
652,27-9-2018  15:52:15,27.75,27,27.11,27.71 x 1400,27.72 x 1200,18235050
653,27-9-2018  15:52:44,27.76,27,27.11,27.71 x 1300,27.72 x 1200,18235050
654,27-9-2018  15:53:13,27.778,27,27.11,27.710 x 1300,27.700 x 1800,18235050
655,27-9-2018  15:53:42,27.76,27,27.11,27.71 x 1300,27.72 x 1800,18235050
656,27-9-2018  15:54:11,27.7807,27,27.11,27.7100 x 1300,27.7200 x 1800,18235050
657,27-9-2018  15:54:40,27.785,27,27.11,27.710 x 1400,27.720 x 800,18235050
658,27-9-2018  15:55:9,27.78,27,27.11,27.71 x 1400,27.72 x 800,18235050
659,27-9-2018  15:55:38,27.79,27,27.11,27.71 x 1400,27.72 x 800,18235050
660,27-9-2018  15:56:7,27.77,27,27.11,27.74 x 1400,27.74 x 1800,18235050
661,27-9-2018  15:56:35,27.77,27,27.11,27.76 x 1400,27.74 x 1800,18235050
662,27-9-2018  15:57:5,27.76,27,27.11,27.76 x 1400,27.77 x 1800,18235050
663,27-9-2018  15:57:34,27.73,27,27.11,27.77 x 1400,27.77 x 1800,18235050
664,27-9-2018  15:58:2,27.71,27,27.11,27.77 x 1400,27.76 x 3200,18235050
665,27-9-2018  15:58:31,27.76,27,27.11,27.76 x 1400,27.76 x 3200,18235050
666,27-9-2018  15:59:0,27.74,27,27.11,27.76 x 1400,27.78 x 3200,18235050
667,27-9-2018  15:59:28,27.75,27,27.11,27.76 x 1400,27.78 x 3200,18235050
