time,time,Main Price,Prev Close,Open,Bid,Ask,Volume
2-10-2018  9:36:1,2-10-2018  9:36:1,1191.84,1195.3101,1190.96,1192.0000 x 800,1192.5000 x 900,1420404
2-10-2018  9:36:29,2-10-2018  9:36:29,1192.42,1195.31,1190.96,1192.00 x 800,1192.50 x 900,1420404
2-10-2018  9:36:45,2-10-2018  9:36:45,1192.86,1195.31,1190.96,1192.00 x 800,1192.50 x 900,1420404
2-10-2018  9:37:2,2-10-2018  9:37:2,1193.25,1195.31,1190.96,1192.00 x 800,1192.50 x 900,1420404
2-10-2018  9:37:18,2-10-2018  9:37:18,1192.26,1195.31,1190.96,1192.00 x 800,1192.50 x 900,1420404
2-10-2018  9:37:34,2-10-2018  9:37:34,1192.37,1195.31,1190.96,1192.00 x 800,1192.50 x 900,1420404
2-10-2018  9:38:21,2-10-2018  9:38:21,1191.13,1195.31,1190.96,1192.00 x 800,1192.50 x 900,1420404
2-10-2018  9:38:37,2-10-2018  9:38:37,1190.9675,1195.3101,1190.96,1192.0000 x 800,1192.5000 x 900,1420404
2-10-2018  9:38:53,2-10-2018  9:38:53,1189.58,1195.31,1190.96,1192.00 x 800,1192.50 x 900,1420404
2-10-2018  9:39:9,2-10-2018  9:39:9,1190.29,1195.31,1190.96,1192.000 x 800,1192.500 x 900,1420404
2-10-2018  9:39:25,2-10-2018  9:39:25,1188.88,1195.31,1190.96,1192.00 x 800,1192.50 x 900,1420404
2-10-2018  9:39:41,2-10-2018  9:39:41,1187.02,1195.31,1190.96,1192.00 x 800,1192.50 x 900,1420404
2-10-2018  9:39:57,2-10-2018  9:39:57,1187.37,1195.31,1190.96,1192.00 x 800,1192.50 x 900,1420404
2-10-2018  9:40:13,2-10-2018  9:40:13,1187.49,1195.31,1190.96,1192.00 x 800,1192.50 x 900,1420404
2-10-2018  9:40:29,2-10-2018  9:40:29,1189.513,1195.31,1190.96,1192.000 x 800,1192.500 x 900,1420404
2-10-2018  9:40:45,2-10-2018  9:40:45,1190.315,1195.31,1190.96,1192.00 x 800,1192.50 x 900,1420404
2-10-2018  9:41:1,2-10-2018  9:41:1,1190.06,1195.31,1190.96,1192.00 x 800,1192.50 x 900,1420404
2-10-2018  9:41:17,2-10-2018  9:41:17,1190.06,1195.31,1190.96,1192.00 x 800,1192.50 x 900,1420404
2-10-2018  9:41:33,2-10-2018  9:41:33,1189.44,1195.31,1190.96,1191.000 x 800,1192.500 x 900,1420404
2-10-2018  9:41:49,2-10-2018  9:41:49,1190.155,1195.31,1190.96,1191.000 x 800,1192.500 x 900,1420404
2-10-2018  9:42:5,2-10-2018  9:42:5,1190.73,1195.31,1190.96,1191.00 x 800,1192.50 x 900,1420404
2-10-2018  9:42:21,2-10-2018  9:42:21,1190.73,1195.3101,1190.96,1191.0000 x 800,1192.5000 x 900,1420404
2-10-2018  9:42:37,2-10-2018  9:42:37,1190.73,1195.3101,1190.96,1191.0000 x 800,1192.5000 x 900,1420404
2-10-2018  9:42:53,2-10-2018  9:42:53,1191.0775,1195.3101,1190.96,1190.9000 x 800,1191.4399 x 900,1420404
2-10-2018  9:43:8,2-10-2018  9:43:8,1191.08,1195.31,1190.96,1190.90 x 800,1191.44 x 900,1420404
2-10-2018  9:43:24,2-10-2018  9:43:24,1191.5,1195.31,1190.96,1190.90 x 800,1191.44 x 900,1420404
2-10-2018  9:43:41,2-10-2018  9:43:41,1191.5,1195.31,1190.96,1190.90 x 800,1191.44 x 900,1420404
2-10-2018  9:43:57,2-10-2018  9:43:57,1191.15,1195.31,1190.96,1190.00 x 800,1192.49 x 900,1420404
2-10-2018  9:44:12,2-10-2018  9:44:12,1191.15,1195.31,1190.96,1190.00 x 800,1192.49 x 900,1420404
2-10-2018  9:44:28,2-10-2018  9:44:28,1191.65,1195.31,1190.96,1190.00 x 800,1192.49 x 900,1420404
2-10-2018  9:44:44,2-10-2018  9:44:44,1191.65,1195.31,1190.96,1190.00 x 800,1192.49 x 900,1420404
2-10-2018  9:45:0,2-10-2018  9:45:0,1192.772,1195.31,1190.96,1196.470 x 800,1198.900 x 900,1420404
2-10-2018  9:45:15,2-10-2018  9:45:15,1193.17,1195.31,1190.96,1196.47 x 800,1198.90 x 900,1420404
2-10-2018  9:45:31,2-10-2018  9:45:31,1193.38,1195.31,1190.96,1195.72 x 800,1198.90 x 900,1420404
2-10-2018  9:45:47,2-10-2018  9:45:47,1193.38,1195.3101,1190.96,1195.7200 x 800,1197.8700 x 900,1420404
2-10-2018  9:46:2,2-10-2018  9:46:2,1193.38,1195.31,1190.96,1195.72 x 800,1197.87 x 900,1420404
2-10-2018  9:46:18,2-10-2018  9:46:18,1193.62,1195.31,1190.96,1195.72 x 800,1197.87 x 900,1420404
2-10-2018  9:46:35,2-10-2018  9:46:35,1193.62,1195.31,1190.96,1195.72 x 800,1196.41 x 900,1420404
2-10-2018  9:46:50,2-10-2018  9:46:50,1193.62,1195.31,1190.96,1195.72 x 800,1196.41 x 900,1420404
2-10-2018  9:47:6,2-10-2018  9:47:6,1192.8975,1195.3101,1190.96,1192.3000 x 800,1196.4100 x 900,1420404
2-10-2018  9:47:22,2-10-2018  9:47:22,1194.18,1195.31,1190.96,1195.72 x 800,1196.41 x 900,1420404
2-10-2018  9:47:38,2-10-2018  9:47:38,1193.89,1195.31,1190.96,1192.30 x 800,1194.43 x 900,1420404
2-10-2018  9:47:53,2-10-2018  9:47:53,1193.945,1195.31,1190.96,1192.0300 x 800,1193.2800 x 900,1420404
2-10-2018  9:48:9,2-10-2018  9:48:9,1194.51,1195.31,1190.96,1192.30 x 800,1194.43 x 900,1420404
2-10-2018  9:48:25,2-10-2018  9:48:25,1194.515,1195.31,1190.96,1192.030 x 800,1193.280 x 900,1420404
2-10-2018  9:48:41,2-10-2018  9:48:41,1194.52,1195.31,1190.96,1192.03 x 800,1193.28 x 900,1420404
2-10-2018  9:48:57,2-10-2018  9:48:57,1195.0,1195.31,1190.96,1192.03 x 800,1193.28 x 900,1420404
2-10-2018  9:49:13,2-10-2018  9:49:13,1195.0,1195.3101,1190.96,1192.0300 x 800,1193.2800 x 900,1420404
2-10-2018  9:49:29,2-10-2018  9:49:29,1196.18,1195.31,1190.96,1192.10 x 800,1194.65 x 900,1420404
2-10-2018  9:49:45,2-10-2018  9:49:45,1195.82,1195.31,1190.96,1192.80 x 800,1194.65 x 900,1420404
2-10-2018  9:50:1,2-10-2018  9:50:1,1196.01,1195.31,1190.96,1192.10 x 800,1192.32 x 900,1420404
2-10-2018  9:50:17,2-10-2018  9:50:17,1196.01,1195.3101,1190.96,1192.10 x 800,1192.32 x 900,1420404
2-10-2018  9:50:33,2-10-2018  9:50:33,1195.19,1195.31,1190.96,1191.45 x 800,1192.32 x 900,1420404
2-10-2018  9:50:48,2-10-2018  9:50:48,1195.4,1195.31,1190.96,1191.45 x 800,1192.32 x 900,1420404
2-10-2018  9:51:4,2-10-2018  9:51:4,1195.4,1195.31,1190.96,1191.45 x 800,1192.32 x 900,1420404
2-10-2018  9:51:20,2-10-2018  9:51:20,1195.7125,1195.3101,1190.96,1191.4500 x 800,1192.3199 x 900,1420404
2-10-2018  9:51:36,2-10-2018  9:51:36,1195.71,1195.31,1190.96,1191.67 x 800,1193.00 x 900,1420404
2-10-2018  9:51:52,2-10-2018  9:51:52,1195.49,1195.31,1190.96,1191.670 x 800,1193.000 x 900,1420404
2-10-2018  9:52:8,2-10-2018  9:52:8,1195.49,1195.31,1190.96,1191.67 x 800,1193.00 x 900,1420404
2-10-2018  9:52:24,2-10-2018  9:52:24,1195.49,1195.31,1190.96,1191.67 x 800,1193.77 x 900,1420404
2-10-2018  9:52:40,2-10-2018  9:52:40,1195.14,1195.31,1190.96,1192.04 x 800,1193.77 x 900,1420404
2-10-2018  9:52:55,2-10-2018  9:52:55,1194.97,1195.31,1190.96,1192.04 x 800,1193.25 x 900,1420404
2-10-2018  9:53:11,2-10-2018  9:53:11,1195.297,1195.31,1190.96,1192.040 x 800,1193.250 x 900,1420404
2-10-2018  9:53:27,2-10-2018  9:53:27,1195.51,1195.31,1190.96,1192.04 x 800,1193.25 x 900,1420404
2-10-2018  9:53:43,2-10-2018  9:53:43,1195.51,1195.31,1190.96,1190.79 x 800,1193.25 x 900,1420404
2-10-2018  9:54:0,2-10-2018  9:54:0,1194.65,1195.31,1190.96,1190.79 x 800,1191.47 x 900,1420404
2-10-2018  9:54:16,2-10-2018  9:54:16,1195.27,1195.31,1190.96,1189.09 x 800,1191.47 x 900,1420404
2-10-2018  9:54:31,2-10-2018  9:54:31,1195.27,1195.31,1190.96,1189.09 x 800,1189.65 x 900,1420404
2-10-2018  9:54:47,2-10-2018  9:54:47,1195.27,1195.31,1190.96,1189.09 x 800,1189.65 x 900,1420404
2-10-2018  9:55:3,2-10-2018  9:55:3,1195.55,1195.31,1190.96,1187.03 x 800,1189.65 x 900,1420404
2-10-2018  9:55:19,2-10-2018  9:55:19,1197.015,1195.31,1190.96,1187.03 x 800,1189.59 x 900,1420404
2-10-2018  9:55:35,2-10-2018  9:55:35,1196.26,1195.31,1190.96,1187.03 x 800,1189.59 x 900,1420404
2-10-2018  9:55:51,2-10-2018  9:55:51,1196.26,1195.31,1190.96,1187.03 x 800,1189.59 x 900,1420404
2-10-2018  9:56:7,2-10-2018  9:56:7,1196.76,1195.31,1190.96,1190.09 x 800,1191.22 x 900,1420404
2-10-2018  9:56:23,2-10-2018  9:56:23,1196.35,1195.31,1190.96,1190.09 x 800,1189.59 x 900,1420404
2-10-2018  9:56:39,2-10-2018  9:56:39,1196.35,1195.31,1190.96,1190.090 x 800,1191.220 x 900,1420404
2-10-2018  9:56:55,2-10-2018  9:56:55,1196.35,1195.31,1190.96,1189.45 x 800,1190.52 x 900,1420404
2-10-2018  9:57:10,2-10-2018  9:57:10,1196.48,1195.31,1190.96,1189.45 x 800,1191.22 x 900,1420404
2-10-2018  9:57:26,2-10-2018  9:57:26,1196.48,1195.31,1190.96,1189.45 x 800,1191.22 x 900,1420404
2-10-2018  9:57:42,2-10-2018  9:57:42,1196.48,1195.31,1190.96,1190.32 x 800,1190.52 x 900,1420404
2-10-2018  9:57:58,2-10-2018  9:57:58,1196.48,1195.31,1190.96,1190.32 x 800,1190.52 x 900,1420404
2-10-2018  9:58:14,2-10-2018  9:58:14,1197.63,1195.31,1190.96,1190.32 x 800,1192.22 x 900,1420404
2-10-2018  9:58:30,2-10-2018  9:58:30,1198.23,1195.31,1190.96,1190.32 x 800,1190.52 x 900,1420404
2-10-2018  9:58:46,2-10-2018  9:58:46,1199.66,1195.31,1190.96,1190.78 x 800,1192.24 x 900,1420404
2-10-2018  9:59:2,2-10-2018  9:59:2,1198.37,1195.31,1190.96,1190.44 x 800,1192.24 x 900,1420404
2-10-2018  9:59:19,2-10-2018  9:59:19,1198.37,1195.31,1190.96,1190.78 x 800,1192.24 x 900,1420404
2-10-2018  9:59:35,2-10-2018  9:59:35,1197.9,1195.31,1190.96,1190.44 x 800,1192.24 x 900,1420404
2-10-2018  9:59:51,2-10-2018  9:59:51,1197.9,1195.31,1190.96,1192.10 x 800,1191.95 x 900,1420404
2-10-2018  10:0:6,2-10-2018  10:0:6,1198.47,1195.31,1190.96,1192.10 x 800,1193.29 x 900,1420404
2-10-2018  10:0:22,2-10-2018  10:0:22,1198.47,1195.31,1190.96,1192.10 x 800,1193.29 x 900,1420404
2-10-2018  10:0:38,2-10-2018  10:0:38,1198.47,1195.31,1190.96,1192.10 x 800,1193.29 x 900,1420404
2-10-2018  10:0:54,2-10-2018  10:0:54,1198.47,1195.31,1190.96,1192.10 x 800,1193.29 x 900,1420404
2-10-2018  10:1:10,2-10-2018  10:1:10,1198.4,1195.31,1190.96,1192.69 x 800,1193.29 x 900,1420404
2-10-2018  10:1:26,2-10-2018  10:1:26,1198.64,1195.31,1190.96,1193.19 x 800,1194.09 x 900,1420404
2-10-2018  10:1:43,2-10-2018  10:1:43,1199.69,1195.31,1190.96,1193.19 x 800,1194.09 x 900,1420404
2-10-2018  10:1:58,2-10-2018  10:1:58,1200.29,1195.31,1190.96,1193.19 x 800,1194.09 x 900,1420404
2-10-2018  10:2:14,2-10-2018  10:2:14,1199.98,1195.31,1190.96,1192.24 x 800,1193.14 x 900,1420404
2-10-2018  10:2:30,2-10-2018  10:2:30,1200.2,1195.31,1190.96,1192.24 x 800,1194.88 x 900,1420404
2-10-2018  10:2:46,2-10-2018  10:2:46,1200.06,1195.31,1190.96,1192.24 x 800,1194.88 x 900,1420404
2-10-2018  10:3:2,2-10-2018  10:3:2,1200.06,1195.31,1190.96,1193.28 x 800,1194.88 x 900,1420404
2-10-2018  10:3:18,2-10-2018  10:3:18,1200.47,1195.31,1190.96,1193.28 x 800,1194.79 x 900,1420404
2-10-2018  10:3:34,2-10-2018  10:3:34,1200.75,1195.31,1190.96,1193.280 x 800,1194.790 x 900,1420404
2-10-2018  10:3:50,2-10-2018  10:3:50,1198.9001,1195.3101,1190.96,1194.1801 x 800,1194.7900 x 900,1420404
2-10-2018  10:4:5,2-10-2018  10:4:5,1198.9,1195.31,1190.96,1194.18 x 800,1194.52 x 900,1420404
2-10-2018  10:4:21,2-10-2018  10:4:21,1198.55,1195.31,1190.96,1194.18 x 800,1194.52 x 900,1420404
2-10-2018  10:4:37,2-10-2018  10:4:37,1198.55,1195.3101,1190.96,1195.56 x 800,1197.27 x 900,1420404
2-10-2018  10:4:53,2-10-2018  10:4:53,1198.55,1195.3101,1190.96,1194.1801 x 800,1194.5200 x 900,1420404
2-10-2018  10:5:9,2-10-2018  10:5:9,1198.55,1195.31,1190.96,1195.56 x 800,1197.27 x 900,1420404
2-10-2018  10:5:25,2-10-2018  10:5:25,1198.55,1195.31,1190.96,1195.56 x 800,1197.27 x 900,1420404
2-10-2018  10:5:41,2-10-2018  10:5:41,1199.14,1195.31,1190.96,1195.56 x 800,1197.27 x 900,1420404
2-10-2018  10:5:57,2-10-2018  10:5:57,1198.2,1195.31,1190.96,1195.84 x 800,1196.38 x 900,1420404
2-10-2018  10:6:12,2-10-2018  10:6:12,1198.2,1195.31,1190.96,1195.84 x 800,1196.38 x 900,1420404
2-10-2018  10:6:29,2-10-2018  10:6:29,1198.23,1195.31,1190.96,1195.84 x 800,1196.38 x 900,1420404
2-10-2018  10:6:44,2-10-2018  10:6:44,1197.85,1195.31,1190.96,1195.17 x 800,1196.22 x 900,1420404
2-10-2018  10:7:0,2-10-2018  10:7:0,1198.0,1195.31,1190.96,1195.17 x 800,1196.22 x 900,1420404
2-10-2018  10:7:16,2-10-2018  10:7:16,1198.0,1195.31,1190.96,1195.17 x 800,1196.22 x 900,1420404
2-10-2018  10:7:32,2-10-2018  10:7:32,1198.0,1195.31,1190.96,1195.08 x 800,1196.18 x 900,1420404
2-10-2018  10:7:48,2-10-2018  10:7:48,1197.83,1195.31,1190.96,1195.08 x 800,1196.18 x 900,1420404
2-10-2018  10:8:4,2-10-2018  10:8:4,1197.9,1195.3101,1190.96,1194.74 x 800,1195.42 x 900,1420404
2-10-2018  10:8:20,2-10-2018  10:8:20,1197.92,1195.31,1190.96,1194.74 x 800,1195.42 x 900,1420404
2-10-2018  10:8:36,2-10-2018  10:8:36,1197.44,1195.31,1190.96,1194.74 x 800,1195.42 x 900,1420404
2-10-2018  10:8:51,2-10-2018  10:8:51,1196.85,1195.31,1190.96,1194.80 x 800,1195.99 x 900,1420404
2-10-2018  10:9:7,2-10-2018  10:9:7,1196.85,1195.31,1190.96,1194.80 x 800,1195.99 x 900,1420404
2-10-2018  10:9:23,2-10-2018  10:9:23,1196.85,1195.31,1190.96,1194.80 x 800,1195.99 x 900,1420404
2-10-2018  10:9:39,2-10-2018  10:9:39,1196.85,1195.31,1190.96,1194.80 x 800,1195.99 x 900,1420404
2-10-2018  10:9:55,2-10-2018  10:9:55,1196.85,1195.31,1190.96,1194.80 x 800,1195.99 x 900,1420404
2-10-2018  10:10:10,2-10-2018  10:10:10,1198.01,1195.31,1190.96,1195.19 x 800,1195.80 x 900,1420404
2-10-2018  10:10:26,2-10-2018  10:10:26,1198.4,1195.31,1190.96,1195.19 x 800,1195.80 x 900,1420404
2-10-2018  10:10:42,2-10-2018  10:10:42,1198.26,1195.31,1190.96,1195.19 x 800,1197.89 x 900,1420404
2-10-2018  10:10:58,2-10-2018  10:10:58,1197.99,1195.31,1190.96,1195.19 x 800,1197.89 x 900,1420404
2-10-2018  10:11:14,2-10-2018  10:11:14,1197.96,1195.31,1190.96,1196.76 x 800,1197.25 x 900,1420404
2-10-2018  10:11:30,2-10-2018  10:11:30,1197.97,1195.31,1190.96,1196.760 x 800,1197.250 x 900,1420404
2-10-2018  10:11:46,2-10-2018  10:11:46,1197.97,1195.31,1190.96,1196.76 x 800,1197.25 x 900,1420404
2-10-2018  10:12:2,2-10-2018  10:12:2,1197.97,1195.31,1190.96,1195.810 x 800,1197.000 x 900,1420404
2-10-2018  10:12:18,2-10-2018  10:12:18,1198.2867,1195.3101,1190.96,1195.8101 x 800,1197.0000 x 900,1420404
2-10-2018  10:12:34,2-10-2018  10:12:34,1198.2867,1195.3101,1190.96,1195.8101 x 800,1197.0000 x 900,1420404
2-10-2018  10:12:50,2-10-2018  10:12:50,1197.97,1195.31,1190.96,1195.8101 x 800,1197.0000 x 900,1420404
2-10-2018  10:13:6,2-10-2018  10:13:6,1197.64,1195.31,1190.96,1196.07 x 800,1196.99 x 900,1420404
2-10-2018  10:13:21,2-10-2018  10:13:21,1197.64,1195.31,1190.96,1196.07 x 800,1196.99 x 900,1420404
2-10-2018  10:13:37,2-10-2018  10:13:37,1197.74,1195.31,1190.96,1197.57 x 800,1197.72 x 900,1420404
2-10-2018  10:13:53,2-10-2018  10:13:53,1196.9978,1195.3101,1190.96,1197.5699 x 800,1197.7200 x 900,1420404
2-10-2018  10:14:9,2-10-2018  10:14:9,1197.8,1195.31,1190.96,1197.57 x 800,1197.72 x 900,1420404
2-10-2018  10:14:25,2-10-2018  10:14:25,1197.8,1195.31,1190.96,1197.90 x 800,1197.72 x 900,1420404
2-10-2018  10:14:41,2-10-2018  10:14:41,1197.607,1195.31,1190.96,1197.900 x 800,1199.450 x 900,1420404
2-10-2018  10:14:57,2-10-2018  10:14:57,1198.37,1195.31,1190.96,1197.90 x 800,1199.45 x 900,1420404
2-10-2018  10:15:13,2-10-2018  10:15:13,1198.37,1195.31,1190.96,1197.37 x 800,1198.48 x 900,1420404
2-10-2018  10:15:29,2-10-2018  10:15:29,1197.43,1195.31,1190.96,1197.37 x 800,1198.48 x 900,1420404
2-10-2018  10:15:45,2-10-2018  10:15:45,1197.455,1195.31,1190.96,1197.560 x 800,1198.480 x 900,1420404
2-10-2018  10:16:1,2-10-2018  10:16:1,1197.455,1195.31,1190.96,1197.560 x 800,1198.480 x 900,1420404
2-10-2018  10:16:17,2-10-2018  10:16:17,1197.45,1195.31,1190.96,1197.56 x 800,1198.79 x 900,1420404
2-10-2018  10:16:33,2-10-2018  10:16:33,1197.45,1195.31,1190.96,1197.56 x 800,1198.79 x 900,1420404
2-10-2018  10:16:49,2-10-2018  10:16:49,1198.15,1195.31,1190.96,1198.32 x 800,1199.49 x 900,1420404
2-10-2018  10:17:5,2-10-2018  10:17:5,1198.15,1195.31,1190.96,1198.32 x 800,1199.49 x 900,1420404
2-10-2018  10:17:21,2-10-2018  10:17:21,1198.15,1195.31,1190.96,1199.57 x 800,1199.49 x 900,1420404
2-10-2018  10:17:37,2-10-2018  10:17:37,1197.29,1195.31,1190.96,1198.32 x 800,1199.49 x 900,1420404
2-10-2018  10:17:53,2-10-2018  10:17:53,1197.9539,1195.3101,1190.96,1199.5699 x 800,1199.4900 x 900,1420404
2-10-2018  10:18:8,2-10-2018  10:18:8,1197.95,1195.31,1190.96,1199.64 x 800,1200.76 x 900,1420404
2-10-2018  10:18:24,2-10-2018  10:18:24,1197.76,1195.31,1190.96,1199.64 x 800,1200.76 x 900,1420404
2-10-2018  10:18:40,2-10-2018  10:18:40,1198.34,1195.31,1190.96,1199.64 x 800,1200.47 x 900,1420404
2-10-2018  10:18:56,2-10-2018  10:18:56,1198.34,1195.31,1190.96,1199.64 x 800,1200.47 x 900,1420404
2-10-2018  10:19:12,2-10-2018  10:19:12,1198.68,1195.31,1190.96,1198.89 x 800,1200.47 x 900,1420404
2-10-2018  10:19:28,2-10-2018  10:19:28,1198.68,1195.31,1190.96,1198.89 x 800,1200.47 x 900,1420404
2-10-2018  10:19:44,2-10-2018  10:19:44,1199.44,1195.31,1190.96,1198.89 x 800,1200.27 x 900,1420404
2-10-2018  10:19:59,2-10-2018  10:19:59,1199.42,1195.3101,1190.96,1198.8900 x 800,1200.2700 x 900,1420404
2-10-2018  10:20:15,2-10-2018  10:20:15,1199.42,1195.3101,1190.96,1198.8900 x 800,1200.2700 x 900,1420404
2-10-2018  10:20:31,2-10-2018  10:20:31,1199.42,1195.31,1190.96,1197.240 x 800,1198.310 x 900,1420404
2-10-2018  10:20:47,2-10-2018  10:20:47,1199.42,1195.31,1190.96,1197.240 x 800,1198.310 x 900,1420404
2-10-2018  10:21:3,2-10-2018  10:21:3,1199.29,1195.31,1190.96,1197.24 x 800,1198.31 x 900,1420404
2-10-2018  10:21:19,2-10-2018  10:21:19,1199.29,1195.31,1190.96,1198.65 x 800,1199.66 x 900,1420404
2-10-2018  10:21:35,2-10-2018  10:21:35,1198.75,1195.31,1190.96,1197.25 x 800,1198.15 x 900,1420404
2-10-2018  10:21:51,2-10-2018  10:21:51,1198.75,1195.31,1190.96,1198.65 x 800,1199.66 x 900,1420404
2-10-2018  10:22:7,2-10-2018  10:22:7,1198.775,1195.31,1190.96,1197.250 x 800,1198.150 x 900,1420404
2-10-2018  10:22:23,2-10-2018  10:22:23,1198.38,1195.31,1190.96,1197.25 x 800,1198.15 x 900,1420404
2-10-2018  10:22:38,2-10-2018  10:22:38,1198.84,1195.31,1190.96,1197.25 x 800,1198.15 x 900,1420404
2-10-2018  10:22:54,2-10-2018  10:22:54,1199.47,1195.31,1190.96,1197.57 x 800,1197.96 x 900,1420404
2-10-2018  10:23:10,2-10-2018  10:23:10,1199.83,1195.31,1190.96,1197.57 x 800,1197.96 x 900,1420404
2-10-2018  10:23:25,2-10-2018  10:23:25,1200.21,1195.31,1190.96,1197.57 x 800,1197.96 x 900,1420404
2-10-2018  10:23:41,2-10-2018  10:23:41,1200.21,1195.31,1190.96,1197.57 x 800,1197.96 x 900,1420404
2-10-2018  10:23:57,2-10-2018  10:23:57,1200.73,1195.31,1190.96,1197.57 x 800,1197.96 x 900,1420404
2-10-2018  10:24:13,2-10-2018  10:24:13,1200.73,1195.31,1190.96,1196.55 x 800,1197.47 x 900,1420404
2-10-2018  10:24:29,2-10-2018  10:24:29,1200.73,1195.31,1190.96,1196.55 x 800,1197.47 x 900,1420404
2-10-2018  10:24:45,2-10-2018  10:24:45,1200.73,1195.31,1190.96,1196.55 x 800,1197.47 x 900,1420404
2-10-2018  10:25:0,2-10-2018  10:25:0,1200.54,1195.31,1190.96,1196.55 x 800,1197.47 x 900,1420404
2-10-2018  10:25:16,2-10-2018  10:25:16,1200.27,1195.31,1190.96,1196.94 x 800,1197.90 x 900,1420404
2-10-2018  10:25:32,2-10-2018  10:25:32,1199.94,1195.31,1190.96,1198.02 x 800,1198.85 x 900,1420404
2-10-2018  10:25:48,2-10-2018  10:25:48,1199.91,1195.31,1190.96,1198.02 x 800,1198.85 x 900,1420404
2-10-2018  10:26:4,2-10-2018  10:26:4,1199.83,1195.31,1190.96,1198.02 x 800,1198.85 x 900,1420404
2-10-2018  10:26:20,2-10-2018  10:26:20,1199.83,1195.31,1190.96,1198.02 x 800,1198.85 x 900,1420404
2-10-2018  10:26:36,2-10-2018  10:26:36,1200.09,1195.31,1190.96,1197.47 x 800,1198.76 x 900,1420404
2-10-2018  10:26:52,2-10-2018  10:26:52,1199.12,1195.31,1190.96,1197.47 x 800,1198.76 x 900,1420404
2-10-2018  10:27:8,2-10-2018  10:27:8,1198.91,1195.31,1190.96,1197.83 x 800,1198.49 x 900,1420404
2-10-2018  10:27:24,2-10-2018  10:27:24,1199.52,1195.31,1190.96,1197.83 x 800,1198.49 x 900,1420404
2-10-2018  10:27:40,2-10-2018  10:27:40,1199.74,1195.31,1190.96,1197.83 x 800,1198.49 x 900,1420404
2-10-2018  10:27:56,2-10-2018  10:27:56,1199.74,1195.31,1190.96,1197.83 x 800,1198.49 x 900,1420404
2-10-2018  10:28:12,2-10-2018  10:28:12,1199.74,1195.31,1190.96,1197.81 x 800,1198.88 x 900,1420404
2-10-2018  10:28:28,2-10-2018  10:28:28,1200.47,1195.31,1190.96,1197.81 x 800,1198.88 x 900,1420404
2-10-2018  10:28:43,2-10-2018  10:28:43,1200.76,1195.31,1190.96,1197.81 x 800,1198.88 x 900,1420404
2-10-2018  10:29:0,2-10-2018  10:29:0,1201.65,1195.31,1190.96,1196.54 x 800,1197.79 x 900,1420404
2-10-2018  10:29:16,2-10-2018  10:29:16,1201.685,1195.31,1190.96,1197.48 x 800,1197.79 x 900,1420404
2-10-2018  10:29:32,2-10-2018  10:29:32,1202.51,1195.31,1190.96,1197.48 x 800,1197.79 x 900,1420404
2-10-2018  10:29:48,2-10-2018  10:29:48,1202.9,1195.31,1190.96,1197.48 x 800,1197.79 x 900,1420404
2-10-2018  10:30:4,2-10-2018  10:30:4,1203.38,1195.31,1190.96,1197.62 x 800,1198.71 x 900,1420404
2-10-2018  10:30:20,2-10-2018  10:30:20,1204.37,1195.31,1190.96,1197.62 x 800,1198.32 x 900,1420404
2-10-2018  10:30:36,2-10-2018  10:30:36,1203.82,1195.31,1190.96,1197.62 x 800,1198.32 x 900,1420404
2-10-2018  10:30:52,2-10-2018  10:30:52,1203.035,1195.31,1190.96,1197.400 x 800,1198.320 x 900,1420404
2-10-2018  10:31:8,2-10-2018  10:31:8,1202.835,1195.31,1190.96,1197.40 x 800,1198.32 x 900,1420404
2-10-2018  10:31:24,2-10-2018  10:31:24,1203.23,1195.31,1190.96,1197.40 x 800,1198.32 x 900,1420404
2-10-2018  10:31:40,2-10-2018  10:31:40,1203.525,1195.31,1190.96,1197.400 x 800,1198.320 x 900,1420404
2-10-2018  10:31:56,2-10-2018  10:31:56,1203.53,1195.31,1190.96,1197.43 x 800,1197.72 x 900,1420404
2-10-2018  10:32:12,2-10-2018  10:32:12,1202.87,1195.31,1190.96,1197.43 x 800,1197.72 x 900,1420404
2-10-2018  10:32:28,2-10-2018  10:32:28,1202.35,1195.31,1190.96,1197.43 x 800,1197.72 x 900,1420404
2-10-2018  10:32:44,2-10-2018  10:32:44,1202.35,1195.31,1190.96,1197.01 x 800,1197.72 x 900,1420404
2-10-2018  10:32:59,2-10-2018  10:32:59,1203.1703,1195.3101,1190.96,1197.0100 x 800,1197.7200 x 900,1420404
2-10-2018  10:33:15,2-10-2018  10:33:15,1203.6083,1195.3101,1190.96,1197.0100 x 800,1197.7200 x 900,1420404
2-10-2018  10:33:31,2-10-2018  10:33:31,1203.9,1195.31,1190.96,1197.59 x 800,1198.26 x 900,1420404
2-10-2018  10:33:47,2-10-2018  10:33:47,1203.51,1195.31,1190.96,1197.59 x 800,1198.26 x 900,1420404
2-10-2018  10:34:3,2-10-2018  10:34:3,1203.22,1195.31,1190.96,1197.59 x 800,1198.26 x 900,1420404
2-10-2018  10:34:19,2-10-2018  10:34:19,1203.51,1195.31,1190.96,1198.39 x 800,1198.35 x 900,1420404
2-10-2018  10:34:35,2-10-2018  10:34:35,1204.18,1195.31,1190.96,1198.39 x 800,1198.35 x 900,1420404
2-10-2018  10:34:51,2-10-2018  10:34:51,1204.18,1195.31,1190.96,1198.39 x 800,1198.35 x 900,1420404
2-10-2018  10:35:7,2-10-2018  10:35:7,1204.08,1195.31,1190.96,1198.390 x 800,1198.350 x 900,1420404
2-10-2018  10:35:23,2-10-2018  10:35:23,1203.58,1195.31,1190.96,1198.91 x 800,1199.54 x 900,1420404
2-10-2018  10:35:38,2-10-2018  10:35:38,1203.58,1195.31,1190.96,1198.91 x 800,1199.54 x 900,1420404
2-10-2018  10:35:54,2-10-2018  10:35:54,1203.58,1195.31,1190.96,1198.76 x 800,1199.53 x 900,1420404
2-10-2018  10:36:10,2-10-2018  10:36:10,1203.58,1195.31,1190.96,1198.76 x 800,1199.53 x 900,1420404
2-10-2018  10:36:26,2-10-2018  10:36:26,1203.88,1195.31,1190.96,1198.76 x 800,1199.53 x 900,1420404
2-10-2018  10:36:42,2-10-2018  10:36:42,1203.99,1195.31,1190.96,1199.01 x 800,1199.80 x 900,1420404
2-10-2018  10:36:58,2-10-2018  10:36:58,1203.99,1195.31,1190.96,1199.01 x 800,1199.80 x 900,1420404
2-10-2018  10:37:14,2-10-2018  10:37:14,1202.69,1195.31,1190.96,1199.01 x 800,1199.80 x 900,1420404
2-10-2018  10:37:30,2-10-2018  10:37:30,1203.14,1195.31,1190.96,1198.68 x 800,1199.29 x 900,1420404
2-10-2018  10:37:46,2-10-2018  10:37:46,1202.78,1195.31,1190.96,1198.68 x 800,1199.29 x 900,1420404
2-10-2018  10:38:1,2-10-2018  10:38:1,1202.97,1195.31,1190.96,1199.02 x 800,1199.75 x 900,1420404
2-10-2018  10:38:17,2-10-2018  10:38:17,1202.55,1195.31,1190.96,1199.02 x 800,1199.75 x 900,1420404
2-10-2018  10:38:33,2-10-2018  10:38:33,1202.92,1195.31,1190.96,1199.02 x 800,1200.72 x 900,1420404
2-10-2018  10:38:49,2-10-2018  10:38:49,1202.82,1195.31,1190.96,1199.02 x 800,1200.72 x 900,1420404
2-10-2018  10:39:5,2-10-2018  10:39:5,1202.81,1195.31,1190.96,1199.63 x 800,1200.72 x 900,1420404
2-10-2018  10:39:21,2-10-2018  10:39:21,1202.81,1195.31,1190.96,1199.02 x 800,1200.72 x 900,1420404
2-10-2018  10:39:37,2-10-2018  10:39:37,1202.81,1195.31,1190.96,1199.63 x 800,1200.72 x 900,1420404
2-10-2018  10:39:53,2-10-2018  10:39:53,1202.81,1195.31,1190.96,1199.63 x 800,1200.41 x 900,1420404
2-10-2018  10:40:9,2-10-2018  10:40:9,1202.99,1195.31,1190.96,1199.64 x 800,1200.41 x 900,1420404
2-10-2018  10:40:25,2-10-2018  10:40:25,1202.63,1195.31,1190.96,1199.64 x 800,1200.41 x 900,1420404
2-10-2018  10:40:41,2-10-2018  10:40:41,1202.33,1195.31,1190.96,1199.95 x 800,1200.56 x 900,1420404
2-10-2018  10:40:57,2-10-2018  10:40:57,1202.33,1195.31,1190.96,1199.95 x 800,1200.37 x 900,1420404
2-10-2018  10:41:12,2-10-2018  10:41:12,1202.33,1195.31,1190.96,1199.95 x 800,1200.37 x 900,1420404
2-10-2018  10:41:28,2-10-2018  10:41:28,1201.99,1195.31,1190.96,1199.95 x 800,1200.37 x 900,1420404
2-10-2018  10:41:44,2-10-2018  10:41:44,1201.73,1195.31,1190.96,1199.51 x 800,1200.37 x 900,1420404
2-10-2018  10:42:0,2-10-2018  10:42:0,1201.73,1195.31,1190.96,1199.51 x 800,1200.37 x 900,1420404
2-10-2018  10:42:16,2-10-2018  10:42:16,1201.22,1195.31,1190.96,1198.53 x 800,1199.96 x 900,1420404
2-10-2018  10:42:32,2-10-2018  10:42:32,1201.22,1195.31,1190.96,1198.53 x 800,1199.75 x 900,1420404
2-10-2018  10:42:48,2-10-2018  10:42:48,1200.88,1195.31,1190.96,1198.53 x 800,1199.75 x 900,1420404
2-10-2018  10:43:4,2-10-2018  10:43:4,1200.88,1195.31,1190.96,1198.53 x 800,1199.75 x 900,1420404
2-10-2018  10:43:19,2-10-2018  10:43:19,1200.88,1195.31,1190.96,1199.18 x 800,1199.75 x 900,1420404
2-10-2018  10:43:35,2-10-2018  10:43:35,1201.19,1195.31,1190.96,1199.18 x 800,1199.75 x 900,1420404
2-10-2018  10:43:51,2-10-2018  10:43:51,1200.79,1195.31,1190.96,1199.98 x 800,1200.46 x 900,1420404
2-10-2018  10:44:7,2-10-2018  10:44:7,1200.79,1195.31,1190.96,1199.98 x 800,1200.46 x 900,1420404
2-10-2018  10:44:23,2-10-2018  10:44:23,1200.79,1195.31,1190.96,1201.07 x 800,1201.73 x 900,1420404
2-10-2018  10:44:39,2-10-2018  10:44:39,1200.79,1195.31,1190.96,1201.07 x 800,1201.73 x 900,1420404
2-10-2018  10:44:55,2-10-2018  10:44:55,1200.79,1195.31,1190.96,1201.07 x 800,1203.05 x 900,1420404
2-10-2018  10:45:11,2-10-2018  10:45:11,1200.855,1195.31,1190.96,1202.810 x 800,1203.050 x 900,1420404
2-10-2018  10:45:27,2-10-2018  10:45:27,1201.96,1195.3101,1190.96,1202.8101 x 800,1203.0500 x 900,1420404
2-10-2018  10:45:43,2-10-2018  10:45:43,1201.96,1195.31,1190.96,1202.81 x 800,1203.05 x 900,1420404
2-10-2018  10:45:59,2-10-2018  10:45:59,1201.73,1195.31,1190.96,1202.45 x 800,1204.04 x 900,1420404
2-10-2018  10:46:15,2-10-2018  10:46:15,1201.73,1195.31,1190.96,1202.45 x 800,1204.04 x 900,1420404
2-10-2018  10:46:31,2-10-2018  10:46:31,1201.73,1195.31,1190.96,1202.45 x 800,1204.04 x 900,1420404
2-10-2018  10:46:47,2-10-2018  10:46:47,1201.73,1195.31,1190.96,1202.45 x 800,1204.04 x 900,1420404
2-10-2018  10:47:3,2-10-2018  10:47:3,1201.73,1195.31,1190.96,1203.53 x 800,1203.90 x 900,1420404
2-10-2018  10:47:19,2-10-2018  10:47:19,1202.005,1195.31,1190.96,1203.530 x 800,1203.900 x 900,1420404
2-10-2018  10:47:34,2-10-2018  10:47:34,1202.95,1195.31,1190.96,1203.53 x 800,1202.90 x 900,1420404
2-10-2018  10:47:51,2-10-2018  10:47:51,1203.05,1195.31,1190.96,1203.53 x 800,1202.90 x 900,1420404
2-10-2018  10:48:6,2-10-2018  10:48:6,1203.05,1195.3101,1190.96,1201.8900 x 800,1203.4301 x 900,1420404
2-10-2018  10:48:22,2-10-2018  10:48:22,1203.56,1195.31,1190.96,1201.89 x 800,1203.43 x 900,1420404
2-10-2018  10:48:38,2-10-2018  10:48:38,1203.8563,1195.3101,1190.96,1203.5200 x 800,1203.4301 x 900,1420404
2-10-2018  10:48:54,2-10-2018  10:48:54,1204.3348,1195.3101,1190.96,1203.52 x 800,1203.43 x 900,1420404
2-10-2018  10:49:10,2-10-2018  10:49:10,1203.99,1195.31,1190.96,1203.52 x 800,1203.43 x 900,1420404
2-10-2018  10:49:26,2-10-2018  10:49:26,1204.84,1195.31,1190.96,1203.01 x 800,1203.47 x 900,1420404
2-10-2018  10:49:42,2-10-2018  10:49:42,1204.51,1195.31,1190.96,1203.01 x 800,1204.19 x 900,1420404
2-10-2018  10:49:58,2-10-2018  10:49:58,1204.37,1195.31,1190.96,1203.01 x 800,1204.19 x 900,1420404
2-10-2018  10:50:13,2-10-2018  10:50:13,1204.28,1195.31,1190.96,1203.92 x 800,1204.19 x 900,1420404
2-10-2018  10:50:29,2-10-2018  10:50:29,1204.46,1195.31,1190.96,1203.92 x 800,1204.27 x 900,1420404
2-10-2018  10:50:45,2-10-2018  10:50:45,1204.77,1195.31,1190.96,1203.920 x 800,1204.270 x 900,1420404
2-10-2018  10:51:1,2-10-2018  10:51:1,1204.72,1195.31,1190.96,1203.92 x 800,1204.27 x 900,1420404
2-10-2018  10:51:17,2-10-2018  10:51:17,1204.66,1195.31,1190.96,1203.92 x 800,1204.27 x 900,1420404
2-10-2018  10:51:33,2-10-2018  10:51:33,1204.89,1195.31,1190.96,1203.45 x 800,1203.83 x 900,1420404
2-10-2018  10:51:49,2-10-2018  10:51:49,1205.365,1195.31,1190.96,1203.450 x 800,1203.830 x 900,1420404
2-10-2018  10:52:5,2-10-2018  10:52:5,1205.36,1195.31,1190.96,1203.45 x 800,1204.08 x 900,1420404
2-10-2018  10:52:21,2-10-2018  10:52:21,1205.08,1195.31,1190.96,1203.45 x 800,1204.08 x 900,1420404
2-10-2018  10:52:37,2-10-2018  10:52:37,1204.83,1195.31,1190.96,1203.45 x 800,1204.08 x 900,1420404
2-10-2018  10:52:53,2-10-2018  10:52:53,1204.82,1195.31,1190.96,1202.47 x 800,1202.78 x 900,1420404
2-10-2018  10:53:9,2-10-2018  10:53:9,1205.29,1195.31,1190.96,1202.47 x 800,1202.78 x 900,1420404
2-10-2018  10:53:25,2-10-2018  10:53:25,1205.61,1195.31,1190.96,1202.47 x 800,1202.78 x 900,1420404
2-10-2018  10:53:40,2-10-2018  10:53:40,1205.88,1195.31,1190.96,1202.48 x 800,1203.84 x 900,1420404
2-10-2018  10:53:56,2-10-2018  10:53:56,1205.58,1195.31,1190.96,1202.48 x 800,1203.84 x 900,1420404
2-10-2018  10:54:12,2-10-2018  10:54:12,1205.93,1195.31,1190.96,1202.48 x 800,1203.84 x 900,1420404
2-10-2018  10:54:28,2-10-2018  10:54:28,1206.125,1195.31,1190.96,1202.410 x 800,1203.840 x 900,1420404
2-10-2018  10:54:44,2-10-2018  10:54:44,1206.13,1195.31,1190.96,1202.41 x 800,1203.84 x 900,1420404
2-10-2018  10:55:0,2-10-2018  10:55:0,1206.18,1195.31,1190.96,1202.41 x 800,1203.84 x 900,1420404
2-10-2018  10:55:16,2-10-2018  10:55:16,1206.18,1195.31,1190.96,1202.620 x 800,1203.340 x 900,1420404
2-10-2018  10:55:32,2-10-2018  10:55:32,1206.27,1195.31,1190.96,1202.62 x 800,1203.34 x 900,1420404
2-10-2018  10:55:48,2-10-2018  10:55:48,1206.0,1195.31,1190.96,1202.62 x 800,1203.34 x 900,1420404
2-10-2018  10:56:3,2-10-2018  10:56:3,1205.94,1195.31,1190.96,1202.21 x 800,1203.34 x 900,1420404
2-10-2018  10:56:20,2-10-2018  10:56:20,1205.65,1195.31,1190.96,1202.21 x 800,1203.34 x 900,1420404
2-10-2018  10:56:36,2-10-2018  10:56:36,1205.26,1195.31,1190.96,1201.77 x 800,1202.49 x 900,1420404
2-10-2018  10:56:51,2-10-2018  10:56:51,1204.83,1195.31,1190.96,1201.77 x 800,1202.49 x 900,1420404
2-10-2018  10:57:8,2-10-2018  10:57:8,1204.83,1195.31,1190.96,1201.77 x 800,1202.15 x 900,1420404
2-10-2018  10:57:24,2-10-2018  10:57:24,1204.96,1195.31,1190.96,1201.77 x 800,1202.15 x 900,1420404
2-10-2018  10:57:39,2-10-2018  10:57:39,1204.4,1195.31,1190.96,1200.40 x 800,1201.18 x 900,1420404
2-10-2018  10:57:55,2-10-2018  10:57:55,1204.07,1195.31,1190.96,1200.40 x 800,1201.18 x 900,1420404
2-10-2018  10:58:11,2-10-2018  10:58:11,1204.4432,1195.3101,1190.96,1200.4000 x 800,1201.1801 x 900,1420404
2-10-2018  10:58:27,2-10-2018  10:58:27,1204.44,1195.31,1190.96,1200.47 x 800,1201.18 x 900,1420404
2-10-2018  10:58:43,2-10-2018  10:58:43,1204.57,1195.31,1190.96,1200.47 x 800,1201.18 x 900,1420404
2-10-2018  10:58:59,2-10-2018  10:58:59,1204.39,1195.31,1190.96,1200.47 x 800,1201.18 x 900,1420404
2-10-2018  10:59:15,2-10-2018  10:59:15,1204.39,1195.31,1190.96,1200.47 x 800,1201.18 x 900,1420404
2-10-2018  10:59:31,2-10-2018  10:59:31,1204.14,1195.31,1190.96,1200.47 x 800,1201.18 x 900,1420404
2-10-2018  10:59:47,2-10-2018  10:59:47,1204.14,1195.31,1190.96,1200.01 x 800,1201.08 x 900,1420404
2-10-2018  11:0:3,2-10-2018  11:0:3,1204.14,1195.31,1190.96,1200.48 x 800,1201.08 x 900,1420404
2-10-2018  11:0:19,2-10-2018  11:0:19,1204.14,1195.31,1190.96,1200.01 x 800,1201.08 x 900,1420404
2-10-2018  11:0:35,2-10-2018  11:0:35,1204.14,1195.31,1190.96,1200.48 x 800,1201.16 x 900,1420404
2-10-2018  11:0:50,2-10-2018  11:0:50,1204.58,1195.31,1190.96,1200.48 x 800,1201.16 x 900,1420404
2-10-2018  11:1:6,2-10-2018  11:1:6,1204.58,1195.31,1190.96,1200.48 x 800,1201.16 x 900,1420404
2-10-2018  11:1:22,2-10-2018  11:1:22,1205.1608,1195.3101,1190.96,1201.1899 x 800,1201.1600 x 900,1420404
2-10-2018  11:1:38,2-10-2018  11:1:38,1205.16,1195.31,1190.96,1201.19 x 800,1201.16 x 900,1420404
2-10-2018  11:1:54,2-10-2018  11:1:54,1204.97,1195.31,1190.96,1201.19 x 800,1202.03 x 900,1420404
2-10-2018  11:2:10,2-10-2018  11:2:10,1204.97,1195.31,1190.96,1201.19 x 800,1202.03 x 900,1420404
2-10-2018  11:2:26,2-10-2018  11:2:26,1204.97,1195.31,1190.96,1201.32 x 800,1202.19 x 900,1420404
2-10-2018  11:2:42,2-10-2018  11:2:42,1204.97,1195.31,1190.96,1201.93 x 800,1202.19 x 900,1420404
2-10-2018  11:2:58,2-10-2018  11:2:58,1204.97,1195.31,1190.96,1201.93 x 800,1202.19 x 900,1420404
2-10-2018  11:3:13,2-10-2018  11:3:13,1205.243,1195.31,1190.96,1201.930 x 800,1203.070 x 900,1420404
2-10-2018  11:3:29,2-10-2018  11:3:29,1205.24,1195.31,1190.96,1203.18 x 800,1203.07 x 900,1420404
2-10-2018  11:3:45,2-10-2018  11:3:45,1205.24,1195.31,1190.96,1203.1801 x 800,1204.2000 x 900,1420404
2-10-2018  11:4:1,2-10-2018  11:4:1,1205.24,1195.31,1190.96,1203.1801 x 800,1204.2000 x 900,1420404
2-10-2018  11:4:17,2-10-2018  11:4:17,1205.24,1195.31,1190.96,1203.64 x 800,1204.20 x 900,1420404
2-10-2018  11:4:33,2-10-2018  11:4:33,1205.19,1195.31,1190.96,1203.64 x 800,1204.87 x 900,1420404
2-10-2018  11:4:49,2-10-2018  11:4:49,1204.92,1195.31,1190.96,1203.64 x 800,1204.87 x 900,1420404
2-10-2018  11:5:5,2-10-2018  11:5:5,1205.35,1195.31,1190.96,1204.57 x 800,1204.87 x 900,1420404
2-10-2018  11:5:21,2-10-2018  11:5:21,1204.884,1195.31,1190.96,1204.570 x 800,1204.590 x 900,1420404
2-10-2018  11:5:37,2-10-2018  11:5:37,1205.11,1195.31,1190.96,1204.57 x 800,1204.59 x 900,1420404
2-10-2018  11:5:52,2-10-2018  11:5:52,1205.46,1195.3101,1190.96,1204.5699 x 800,1204.5900 x 900,1420404
2-10-2018  11:6:8,2-10-2018  11:6:8,1205.46,1195.31,1190.96,1204.01 x 800,1204.73 x 900,1420404
2-10-2018  11:6:24,2-10-2018  11:6:24,1205.46,1195.31,1190.96,1204.01 x 800,1204.73 x 900,1420404
2-10-2018  11:6:40,2-10-2018  11:6:40,1205.33,1195.31,1190.96,1204.01 x 800,1204.73 x 900,1420404
2-10-2018  11:6:56,2-10-2018  11:6:56,1205.49,1195.31,1190.96,1204.35 x 800,1205.59 x 900,1420404
2-10-2018  11:7:12,2-10-2018  11:7:12,1205.14,1195.31,1190.96,1204.35 x 800,1205.59 x 900,1420404
2-10-2018  11:7:28,2-10-2018  11:7:28,1205.68,1195.31,1190.96,1204.35 x 800,1205.59 x 900,1420404
2-10-2018  11:7:44,2-10-2018  11:7:44,1205.725,1195.31,1190.96,1204.350 x 800,1205.590 x 900,1420404
2-10-2018  11:8:0,2-10-2018  11:8:0,1205.94,1195.31,1190.96,1205.05 x 800,1205.63 x 900,1420404
2-10-2018  11:8:15,2-10-2018  11:8:15,1206.1,1195.31,1190.96,1205.00 x 800,1205.63 x 900,1420404
2-10-2018  11:8:31,2-10-2018  11:8:31,1206.05,1195.31,1190.96,1205.00 x 800,1205.67 x 900,1420404
2-10-2018  11:8:48,2-10-2018  11:8:48,1206.05,1195.31,1190.96,1205.00 x 800,1205.67 x 900,1420404
2-10-2018  11:9:4,2-10-2018  11:9:4,1206.03,1195.31,1190.96,1205.29 x 800,1205.76 x 900,1420404
2-10-2018  11:9:19,2-10-2018  11:9:19,1205.83,1195.31,1190.96,1205.29 x 800,1205.76 x 900,1420404
2-10-2018  11:9:35,2-10-2018  11:9:35,1206.35,1195.31,1190.96,1205.29 x 800,1205.76 x 900,1420404
2-10-2018  11:9:51,2-10-2018  11:9:51,1206.35,1195.31,1190.96,1205.97 x 800,1205.76 x 900,1420404
2-10-2018  11:10:7,2-10-2018  11:10:7,1206.35,1195.3101,1190.96,1205.9700 x 800,1206.4800 x 900,1420404
2-10-2018  11:10:23,2-10-2018  11:10:23,1206.075,1195.31,1190.96,1205.970 x 800,1206.480 x 900,1420404
2-10-2018  11:10:39,2-10-2018  11:10:39,1207.05,1195.31,1190.96,1206.10 x 800,1206.48 x 900,1420404
2-10-2018  11:10:55,2-10-2018  11:10:55,1206.98,1195.31,1190.96,1206.10 x 800,1206.49 x 900,1420404
2-10-2018  11:11:11,2-10-2018  11:11:11,1207.2,1195.31,1190.96,1206.10 x 800,1206.49 x 900,1420404
2-10-2018  11:11:27,2-10-2018  11:11:27,1207.03,1195.31,1190.96,1205.42 x 800,1206.08 x 900,1420404
2-10-2018  11:11:43,2-10-2018  11:11:43,1207.5410000000002,1195.31,1190.96,1205.420 x 800,1206.080 x 900,1420404
2-10-2018  11:11:58,2-10-2018  11:11:58,1207.4769999999999,1195.31,1190.96,1205.420 x 800,1206.080 x 900,1420404
2-10-2018  11:12:14,2-10-2018  11:12:14,1207.4769999999999,1195.31,1190.96,1205.420 x 800,1206.080 x 900,1420404
2-10-2018  11:12:30,2-10-2018  11:12:30,1207.54,1195.31,1190.96,1204.72 x 800,1205.06 x 900,1420404
2-10-2018  11:12:46,2-10-2018  11:12:46,1207.51,1195.31,1190.96,1204.72 x 800,1205.06 x 900,1420404
2-10-2018  11:13:2,2-10-2018  11:13:2,1207.8,1195.31,1190.96,1204.49 x 800,1204.72 x 900,1420404
2-10-2018  11:13:18,2-10-2018  11:13:18,1207.96,1195.31,1190.96,1204.49 x 800,1204.72 x 900,1420404
2-10-2018  11:13:34,2-10-2018  11:13:34,1208.275,1195.31,1190.96,1204.180 x 800,1204.720 x 900,1420404
2-10-2018  11:13:50,2-10-2018  11:13:50,1208.81,1195.31,1190.96,1204.18 x 800,1204.72 x 900,1420404
2-10-2018  11:14:6,2-10-2018  11:14:6,1208.63,1195.31,1190.96,1204.180 x 800,1204.690 x 900,1420404
2-10-2018  11:14:22,2-10-2018  11:14:22,1208.555,1195.31,1190.96,1204.180 x 800,1204.690 x 900,1420404
2-10-2018  11:14:38,2-10-2018  11:14:38,1208.5551,1195.3101,1190.96,1204.1801 x 800,1204.6899 x 900,1420404
2-10-2018  11:14:53,2-10-2018  11:14:53,1208.76,1195.31,1190.96,1203.62 x 800,1204.54 x 900,1420404
2-10-2018  11:15:9,2-10-2018  11:15:9,1208.58,1195.31,1190.96,1203.62 x 800,1204.54 x 900,1420404
2-10-2018  11:15:25,2-10-2018  11:15:25,1208.79,1195.31,1190.96,1203.62 x 800,1204.54 x 900,1420404
2-10-2018  11:15:41,2-10-2018  11:15:41,1208.81,1195.31,1190.96,1203.74 x 800,1204.38 x 900,1420404
2-10-2018  11:15:57,2-10-2018  11:15:57,1208.81,1195.31,1190.96,1203.74 x 800,1204.38 x 900,1420404
2-10-2018  11:16:13,2-10-2018  11:16:13,1208.86,1195.3101,1190.96,1204.7400 x 800,1205.8199 x 900,1420404
2-10-2018  11:16:29,2-10-2018  11:16:29,1208.86,1195.3101,1190.96,1204.7400 x 800,1205.8199 x 900,1420404
2-10-2018  11:16:44,2-10-2018  11:16:44,1209.1,1195.31,1190.96,1204.74 x 800,1205.82 x 900,1420404
2-10-2018  11:17:0,2-10-2018  11:17:0,1209.26,1195.31,1190.96,1204.78 x 800,1205.82 x 900,1420404
2-10-2018  11:17:16,2-10-2018  11:17:16,1209.82,1195.31,1190.96,1204.74 x 800,1205.82 x 900,1420404
2-10-2018  11:17:32,2-10-2018  11:17:32,1209.61,1195.31,1190.96,1204.89 x 800,1205.39 x 900,1420404
2-10-2018  11:17:48,2-10-2018  11:17:48,1209.61,1195.31,1190.96,1204.89 x 800,1205.39 x 900,1420404
2-10-2018  11:18:3,2-10-2018  11:18:3,1209.61,1195.31,1190.96,1204.89 x 800,1205.39 x 900,1420404
2-10-2018  11:18:19,2-10-2018  11:18:19,1209.335,1195.31,1190.96,1204.890 x 800,1205.390 x 900,1420404
2-10-2018  11:18:35,2-10-2018  11:18:35,1209.01,1195.31,1190.96,1204.770 x 800,1205.440 x 900,1420404
2-10-2018  11:18:51,2-10-2018  11:18:51,1208.39,1195.31,1190.96,1204.77 x 800,1205.44 x 900,1420404
2-10-2018  11:19:6,2-10-2018  11:19:6,1208.3,1195.31,1190.96,1204.77 x 800,1205.44 x 900,1420404
2-10-2018  11:19:22,2-10-2018  11:19:22,1208.3,1195.31,1190.96,1204.770 x 800,1205.440 x 900,1420404
2-10-2018  11:19:38,2-10-2018  11:19:38,1208.375,1195.31,1190.96,1204.770 x 800,1205.440 x 900,1420404
2-10-2018  11:19:54,2-10-2018  11:19:54,1208.1,1195.31,1190.96,1204.77 x 800,1205.44 x 900,1420404
2-10-2018  11:20:10,2-10-2018  11:20:10,1207.73,1195.31,1190.96,1204.77 x 800,1205.44 x 900,1420404
2-10-2018  11:20:26,2-10-2018  11:20:26,1207.58,1195.31,1190.96,1204.85 x 800,1205.44 x 900,1420404
2-10-2018  11:20:41,2-10-2018  11:20:41,1207.58,1195.31,1190.96,1204.81 x 800,1205.46 x 900,1420404
2-10-2018  11:20:58,2-10-2018  11:20:58,1207.58,1195.31,1190.96,1204.81 x 800,1205.46 x 900,1420404
2-10-2018  11:21:14,2-10-2018  11:21:14,1207.96,1195.31,1190.96,1204.81 x 800,1205.46 x 900,1420404
2-10-2018  11:21:29,2-10-2018  11:21:29,1207.45,1195.31,1190.96,1204.81 x 800,1205.45 x 900,1420404
2-10-2018  11:21:45,2-10-2018  11:21:45,1207.51,1195.31,1190.96,1204.81 x 800,1205.45 x 900,1420404
2-10-2018  11:22:1,2-10-2018  11:22:1,1206.81,1195.31,1190.96,1204.81 x 800,1205.45 x 900,1420404
2-10-2018  11:22:17,2-10-2018  11:22:17,1206.81,1195.31,1190.96,1205.17 x 800,1205.57 x 900,1420404
2-10-2018  11:22:32,2-10-2018  11:22:32,1206.78,1195.31,1190.96,1205.17 x 800,1205.57 x 900,1420404
2-10-2018  11:22:48,2-10-2018  11:22:48,1206.78,1195.31,1190.96,1205.100 x 800,1205.560 x 900,1420404
2-10-2018  11:23:4,2-10-2018  11:23:4,1206.78,1195.31,1190.96,1205.10 x 800,1205.56 x 900,1420404
2-10-2018  11:23:19,2-10-2018  11:23:19,1206.78,1195.31,1190.96,1205.10 x 800,1205.56 x 900,1420404
2-10-2018  11:23:35,2-10-2018  11:23:35,1206.78,1195.31,1190.96,1205.51 x 800,1206.20 x 900,1420404
2-10-2018  11:23:51,2-10-2018  11:23:51,1207.1343,1195.3101,1190.96,1205.5100 x 800,1206.2000 x 900,1420404
2-10-2018  11:24:7,2-10-2018  11:24:7,1207.425,1195.31,1190.96,1205.510 x 800,1206.200 x 900,1420404
2-10-2018  11:24:23,2-10-2018  11:24:23,1207.425,1195.3101,1190.96,1205.5100 x 800,1206.2000 x 900,1420404
2-10-2018  11:24:39,2-10-2018  11:24:39,1207.425,1195.3101,1190.96,1205.8199 x 800,1206.2300 x 900,1420404
2-10-2018  11:24:55,2-10-2018  11:24:55,1206.79,1195.31,1190.96,1205.82 x 800,1206.23 x 900,1420404
2-10-2018  11:25:11,2-10-2018  11:25:11,1206.865,1195.31,1190.96,1205.820 x 800,1206.230 x 900,1420404
2-10-2018  11:25:27,2-10-2018  11:25:27,1206.86,1195.31,1190.96,1205.93 x 800,1206.66 x 900,1420404
2-10-2018  11:25:43,2-10-2018  11:25:43,1206.77,1195.31,1190.96,1205.83 x 800,1206.66 x 900,1420404
2-10-2018  11:25:59,2-10-2018  11:25:59,1206.77,1195.31,1190.96,1205.83 x 800,1207.20 x 900,1420404
2-10-2018  11:26:15,2-10-2018  11:26:15,1206.61,1195.31,1190.96,1205.830 x 800,1207.200 x 900,1420404
2-10-2018  11:26:31,2-10-2018  11:26:31,1206.44,1195.31,1190.96,1205.83 x 800,1207.20 x 900,1420404
2-10-2018  11:26:47,2-10-2018  11:26:47,1206.1,1195.31,1190.96,1206.80 x 800,1207.44 x 900,1420404
2-10-2018  11:27:2,2-10-2018  11:27:2,1206.1,1195.31,1190.96,1207.330 x 800,1207.440 x 900,1420404
2-10-2018  11:27:18,2-10-2018  11:27:18,1206.1,1195.31,1190.96,1207.330 x 800,1207.440 x 900,1420404
2-10-2018  11:27:34,2-10-2018  11:27:34,1206.1,1195.31,1190.96,1207.33 x 800,1207.47 x 900,1420404
2-10-2018  11:27:50,2-10-2018  11:27:50,1206.78,1195.31,1190.96,1207.36 x 800,1207.47 x 900,1420404
2-10-2018  11:28:6,2-10-2018  11:28:6,1206.78,1195.31,1190.96,1207.36 x 800,1207.47 x 900,1420404
2-10-2018  11:28:22,2-10-2018  11:28:22,1206.65,1195.31,1190.96,1207.36 x 800,1207.94 x 900,1420404
2-10-2018  11:28:37,2-10-2018  11:28:37,1206.98,1195.31,1190.96,1208.01 x 800,1207.94 x 900,1420404
2-10-2018  11:28:54,2-10-2018  11:28:54,1206.85,1195.31,1190.96,1208.01 x 800,1207.94 x 900,1420404
2-10-2018  11:29:9,2-10-2018  11:29:9,1206.9758,1195.3101,1190.96,1208.0100 x 800,1207.9399 x 900,1420404
2-10-2018  11:29:25,2-10-2018  11:29:25,1206.86,1195.31,1190.96,1208.39 x 800,1208.90 x 900,1420404
2-10-2018  11:29:41,2-10-2018  11:29:41,1206.86,1195.31,1190.96,1208.39 x 800,1208.90 x 900,1420404
2-10-2018  11:29:57,2-10-2018  11:29:57,1206.86,1195.31,1190.96,1208.39 x 800,1208.90 x 900,1420404
2-10-2018  11:30:12,2-10-2018  11:30:12,1206.935,1195.31,1190.96,1208.390 x 800,1208.900 x 900,1420404
2-10-2018  11:30:28,2-10-2018  11:30:28,1206.9,1195.31,1190.96,1208.43 x 800,1209.00 x 900,1420404
2-10-2018  11:30:44,2-10-2018  11:30:44,1207.12,1195.31,1190.96,1208.43 x 800,1209.00 x 900,1420404
2-10-2018  11:31:0,2-10-2018  11:31:0,1206.94,1195.31,1190.96,1208.43 x 800,1208.92 x 900,1420404
2-10-2018  11:31:16,2-10-2018  11:31:16,1206.86,1195.31,1190.96,1208.43 x 800,1208.92 x 900,1420404
2-10-2018  11:31:32,2-10-2018  11:31:32,1206.86,1195.31,1190.96,1208.43 x 800,1208.92 x 900,1420404
2-10-2018  11:31:47,2-10-2018  11:31:47,1207.0,1195.31,1190.96,1208.50 x 800,1208.99 x 900,1420404
2-10-2018  11:32:3,2-10-2018  11:32:3,1207.0,1195.31,1190.96,1208.79 x 800,1208.99 x 900,1420404
2-10-2018  11:32:19,2-10-2018  11:32:19,1207.88,1195.31,1190.96,1208.79 x 800,1209.41 x 900,1420404
2-10-2018  11:32:35,2-10-2018  11:32:35,1207.88,1195.31,1190.96,1208.79 x 800,1209.41 x 900,1420404
2-10-2018  11:32:51,2-10-2018  11:32:51,1207.88,1195.31,1190.96,1208.79 x 800,1209.41 x 900,1420404
2-10-2018  11:33:7,2-10-2018  11:33:7,1208.03,1195.31,1190.96,1209.32 x 800,1209.86 x 900,1420404
2-10-2018  11:33:22,2-10-2018  11:33:22,1208.03,1195.31,1190.96,1209.32 x 800,1209.86 x 900,1420404
2-10-2018  11:33:38,2-10-2018  11:33:38,1208.03,1195.31,1190.96,1209.02 x 800,1209.86 x 900,1420404
2-10-2018  11:33:54,2-10-2018  11:33:54,1207.73,1195.31,1190.96,1209.02 x 800,1209.86 x 900,1420404
2-10-2018  11:34:10,2-10-2018  11:34:10,1207.73,1195.31,1190.96,1209.02 x 800,1208.78 x 900,1420404
2-10-2018  11:34:25,2-10-2018  11:34:25,1207.61,1195.31,1190.96,1209.02 x 800,1208.78 x 900,1420404
2-10-2018  11:34:41,2-10-2018  11:34:41,1207.61,1195.31,1190.96,1207.80 x 800,1208.39 x 900,1420404
2-10-2018  11:34:57,2-10-2018  11:34:57,1207.27,1195.3101,1190.96,1207.80 x 800,1208.39 x 900,1420404
2-10-2018  11:35:13,2-10-2018  11:35:13,1207.39,1195.31,1190.96,1207.80 x 800,1208.39 x 900,1420404
2-10-2018  11:35:29,2-10-2018  11:35:29,1207.39,1195.3101,1190.96,1207.80 x 800,1208.26 x 900,1420404
2-10-2018  11:35:45,2-10-2018  11:35:45,1207.57,1195.31,1190.96,1207.80 x 800,1208.26 x 900,1420404
2-10-2018  11:36:1,2-10-2018  11:36:1,1208.18,1195.31,1190.96,1207.50 x 800,1208.26 x 900,1420404
2-10-2018  11:36:17,2-10-2018  11:36:17,1207.9625,1195.3101,1190.96,1207.5000 x 800,1208.2600 x 900,1420404
2-10-2018  11:36:33,2-10-2018  11:36:33,1207.9625,1195.3101,1190.96,1207.5000 x 800,1208.2600 x 900,1420404
2-10-2018  11:36:49,2-10-2018  11:36:49,1208.06,1195.31,1190.96,1207.03 x 800,1207.97 x 900,1420404
2-10-2018  11:37:5,2-10-2018  11:37:5,1207.69,1195.31,1190.96,1207.03 x 800,1207.97 x 900,1420404
2-10-2018  11:37:21,2-10-2018  11:37:21,1207.66,1195.31,1190.96,1207.03 x 800,1207.97 x 900,1420404
2-10-2018  11:37:37,2-10-2018  11:37:37,1207.66,1195.31,1190.96,1206.49 x 800,1207.97 x 900,1420404
2-10-2018  11:37:52,2-10-2018  11:37:52,1207.04,1195.31,1190.96,1206.49 x 800,1207.97 x 900,1420404
2-10-2018  11:38:8,2-10-2018  11:38:8,1207.03,1195.31,1190.96,1206.49 x 800,1207.87 x 900,1420404
2-10-2018  11:38:24,2-10-2018  11:38:24,1207.18,1195.31,1190.96,1206.49 x 800,1207.87 x 900,1420404
2-10-2018  11:38:40,2-10-2018  11:38:40,1207.18,1195.31,1190.96,1206.49 x 800,1207.87 x 900,1420404
2-10-2018  11:38:56,2-10-2018  11:38:56,1207.1801,1195.3101,1190.96,1206.56 x 800,1207.56 x 900,1420404
2-10-2018  11:39:12,2-10-2018  11:39:12,1207.1801,1195.3101,1190.96,1206.5601 x 800,1207.5601 x 900,1420404
2-10-2018  11:39:28,2-10-2018  11:39:28,1206.995,1195.31,1190.96,1206.560 x 800,1207.560 x 900,1420404
2-10-2018  11:39:44,2-10-2018  11:39:44,1206.995,1195.31,1190.96,1206.340 x 800,1207.380 x 900,1420404
2-10-2018  11:40:0,2-10-2018  11:40:0,1207.3,1195.31,1190.96,1206.34 x 800,1207.38 x 900,1420404
2-10-2018  11:40:15,2-10-2018  11:40:15,1207.3,1195.31,1190.96,1206.83 x 800,1207.38 x 900,1420404
2-10-2018  11:40:31,2-10-2018  11:40:31,1207.3,1195.31,1190.96,1206.83 x 800,1207.38 x 900,1420404
2-10-2018  11:40:47,2-10-2018  11:40:47,1207.3,1195.3101,1190.96,1206.8300 x 800,1207.1700 x 900,1420404
2-10-2018  11:41:3,2-10-2018  11:41:3,1207.3,1195.31,1190.96,1206.83 x 800,1207.17 x 900,1420404
2-10-2018  11:41:19,2-10-2018  11:41:19,1208.0,1195.3101,1190.96,1206.8300 x 800,1207.1700 x 900,1420404
2-10-2018  11:41:35,2-10-2018  11:41:35,1208.0,1195.31,1190.96,1206.76 x 800,1206.90 x 900,1420404
2-10-2018  11:41:51,2-10-2018  11:41:51,1208.41,1195.31,1190.96,1206.76 x 800,1206.90 x 900,1420404
2-10-2018  11:42:7,2-10-2018  11:42:7,1208.4,1195.31,1190.96,1206.43 x 800,1206.51 x 900,1420404
2-10-2018  11:42:23,2-10-2018  11:42:23,1207.85,1195.31,1190.96,1206.43 x 800,1206.51 x 900,1420404
2-10-2018  11:42:39,2-10-2018  11:42:39,1207.85,1195.31,1190.96,1206.43 x 800,1206.51 x 900,1420404
2-10-2018  11:42:55,2-10-2018  11:42:55,1207.85,1195.31,1190.96,1206.26 x 800,1206.79 x 900,1420404
2-10-2018  11:43:11,2-10-2018  11:43:11,1207.85,1195.31,1190.96,1206.26 x 800,1206.79 x 900,1420404
2-10-2018  11:43:27,2-10-2018  11:43:27,1207.85,1195.31,1190.96,1206.26 x 800,1206.79 x 900,1420404
2-10-2018  11:43:43,2-10-2018  11:43:43,1207.85,1195.31,1190.96,1206.31 x 800,1207.40 x 900,1420404
2-10-2018  11:43:59,2-10-2018  11:43:59,1207.85,1195.31,1190.96,1206.31 x 800,1207.40 x 900,1420404
2-10-2018  11:44:15,2-10-2018  11:44:15,1207.61,1195.31,1190.96,1206.31 x 800,1207.40 x 900,1420404
2-10-2018  11:44:31,2-10-2018  11:44:31,1207.61,1195.31,1190.96,1206.51 x 800,1207.19 x 900,1420404
2-10-2018  11:44:47,2-10-2018  11:44:47,1207.61,1195.31,1190.96,1206.51 x 800,1207.19 x 900,1420404
2-10-2018  11:45:2,2-10-2018  11:45:2,1208.27,1195.31,1190.96,1206.54 x 800,1207.19 x 900,1420404
2-10-2018  11:45:18,2-10-2018  11:45:18,1207.88,1195.31,1190.96,1206.54 x 800,1207.19 x 900,1420404
2-10-2018  11:45:34,2-10-2018  11:45:34,1207.88,1195.31,1190.96,1206.54 x 800,1207.30 x 900,1420404
2-10-2018  11:45:50,2-10-2018  11:45:50,1207.36,1195.31,1190.96,1206.540 x 800,1207.300 x 900,1420404
2-10-2018  11:46:6,2-10-2018  11:46:6,1207.97,1195.31,1190.96,1206.57 x 800,1207.14 x 900,1420404
2-10-2018  11:46:22,2-10-2018  11:46:22,1207.97,1195.31,1190.96,1206.57 x 800,1207.14 x 900,1420404
2-10-2018  11:46:37,2-10-2018  11:46:37,1207.97,1195.31,1190.96,1206.57 x 800,1207.14 x 900,1420404
2-10-2018  11:46:53,2-10-2018  11:46:53,1207.97,1195.31,1190.96,1206.59 x 800,1207.40 x 900,1420404
2-10-2018  11:47:9,2-10-2018  11:47:9,1208.28,1195.3101,1190.96,1206.5900 x 800,1207.4000 x 900,1420404
2-10-2018  11:47:25,2-10-2018  11:47:25,1208.28,1195.3101,1190.96,1206.5900 x 800,1207.4000 x 900,1420404
2-10-2018  11:47:41,2-10-2018  11:47:41,1208.28,1195.3101,1190.96,1206.76 x 800,1207.86 x 900,1420404
2-10-2018  11:47:57,2-10-2018  11:47:57,1208.28,1195.3101,1190.96,1206.7600 x 800,1207.8600 x 900,1420404
2-10-2018  11:48:12,2-10-2018  11:48:12,1208.23,1195.31,1190.96,1206.76 x 800,1207.86 x 900,1420404
2-10-2018  11:48:28,2-10-2018  11:48:28,1207.66,1195.31,1190.96,1207.51 x 800,1207.86 x 900,1420404
2-10-2018  11:48:44,2-10-2018  11:48:44,1207.78,1195.31,1190.96,1207.51 x 800,1208.39 x 900,1420404
2-10-2018  11:49:0,2-10-2018  11:49:0,1207.77,1195.31,1190.96,1207.89 x 800,1208.39 x 900,1420404
2-10-2018  11:49:16,2-10-2018  11:49:16,1207.83,1195.31,1190.96,1207.51 x 800,1208.39 x 900,1420404
2-10-2018  11:49:32,2-10-2018  11:49:32,1207.01,1195.31,1190.96,1207.12 x 800,1207.81 x 900,1420404
2-10-2018  11:49:48,2-10-2018  11:49:48,1207.01,1195.31,1190.96,1207.12 x 800,1207.81 x 900,1420404
2-10-2018  11:50:3,2-10-2018  11:50:3,1207.01,1195.31,1190.96,1207.12 x 800,1207.81 x 900,1420404
2-10-2018  11:50:19,2-10-2018  11:50:19,1207.71,1195.31,1190.96,1207.12 x 800,1207.81 x 900,1420404
2-10-2018  11:50:35,2-10-2018  11:50:35,1207.71,1195.31,1190.96,1207.1300 x 800,1207.6400 x 900,1420404
2-10-2018  11:50:51,2-10-2018  11:50:51,1207.71,1195.3101,1190.96,1207.1300 x 800,1207.6400 x 900,1420404
2-10-2018  11:51:6,2-10-2018  11:51:6,1207.77,1195.31,1190.96,1207.13 x 800,1207.61 x 900,1420404
2-10-2018  11:51:22,2-10-2018  11:51:22,1207.77,1195.31,1190.96,1207.13 x 800,1207.61 x 900,1420404
2-10-2018  11:51:37,2-10-2018  11:51:37,1207.5,1195.31,1190.96,1207.13 x 800,1207.61 x 900,1420404
2-10-2018  11:51:53,2-10-2018  11:51:53,1207.72,1195.31,1190.96,1207.55 x 800,1208.16 x 900,1420404
2-10-2018  11:52:9,2-10-2018  11:52:9,1206.99,1195.31,1190.96,1207.64 x 800,1208.16 x 900,1420404
2-10-2018  11:52:25,2-10-2018  11:52:25,1207.0,1195.31,1190.96,1207.64 x 800,1208.15 x 900,1420404
2-10-2018  11:52:41,2-10-2018  11:52:41,1207.0,1195.31,1190.96,1207.64 x 800,1208.15 x 900,1420404
2-10-2018  11:52:57,2-10-2018  11:52:57,1207.0,1195.31,1190.96,1206.77 x 800,1208.15 x 900,1420404
2-10-2018  11:53:13,2-10-2018  11:53:13,1207.0,1195.31,1190.96,1206.77 x 800,1208.15 x 900,1420404
2-10-2018  11:53:28,2-10-2018  11:53:28,1207.53,1195.31,1190.96,1206.77 x 800,1208.15 x 900,1420404
2-10-2018  11:53:44,2-10-2018  11:53:44,1207.58,1195.31,1190.96,1206.77 x 800,1208.15 x 900,1420404
2-10-2018  11:54:0,2-10-2018  11:54:0,1207.58,1195.31,1190.96,1206.81 x 800,1207.43 x 900,1420404
2-10-2018  11:54:16,2-10-2018  11:54:16,1207.625,1195.31,1190.96,1206.810 x 800,1207.020 x 900,1420404
2-10-2018  11:54:32,2-10-2018  11:54:32,1207.62,1195.31,1190.96,1206.81 x 800,1207.43 x 900,1420404
2-10-2018  11:54:48,2-10-2018  11:54:48,1207.91,1195.31,1190.96,1206.81 x 800,1207.43 x 900,1420404
2-10-2018  11:55:4,2-10-2018  11:55:4,1208.05,1195.31,1190.96,1206.66 x 800,1207.31 x 900,1420404
2-10-2018  11:55:19,2-10-2018  11:55:19,1208.05,1195.31,1190.96,1206.66 x 800,1207.31 x 900,1420404
2-10-2018  11:55:35,2-10-2018  11:55:35,1208.05,1195.31,1190.96,1207.02 x 800,1207.59 x 900,1420404
2-10-2018  11:55:51,2-10-2018  11:55:51,1207.71,1195.31,1190.96,1207.02 x 800,1207.59 x 900,1420404
2-10-2018  11:56:7,2-10-2018  11:56:7,1207.71,1195.31,1190.96,1207.02 x 800,1207.59 x 900,1420404
2-10-2018  11:56:22,2-10-2018  11:56:22,1207.71,1195.3101,1190.96,1207.8600 x 800,1208.5000 x 900,1420404
2-10-2018  11:56:38,2-10-2018  11:56:38,1207.39,1195.31,1190.96,1207.86 x 800,1208.50 x 900,1420404
2-10-2018  11:56:54,2-10-2018  11:56:54,1207.39,1195.31,1190.96,1207.86 x 800,1208.50 x 900,1420404
2-10-2018  11:57:10,2-10-2018  11:57:10,1207.06,1195.31,1190.96,1208.41 x 800,1208.76 x 900,1420404
2-10-2018  11:57:26,2-10-2018  11:57:26,1207.06,1195.31,1190.96,1208.41 x 800,1208.76 x 900,1420404
2-10-2018  11:57:41,2-10-2018  11:57:41,1207.31,1195.31,1190.96,1208.41 x 800,1208.76 x 900,1420404
2-10-2018  11:57:57,2-10-2018  11:57:57,1207.31,1195.31,1190.96,1208.41 x 800,1208.76 x 900,1420404
2-10-2018  11:58:13,2-10-2018  11:58:13,1207.31,1195.31,1190.96,1207.58 x 800,1208.26 x 900,1420404
2-10-2018  11:58:29,2-10-2018  11:58:29,1207.54,1195.31,1190.96,1207.58 x 800,1208.26 x 900,1420404
2-10-2018  11:58:45,2-10-2018  11:58:45,1208.0,1195.31,1190.96,1207.58 x 800,1208.26 x 900,1420404
2-10-2018  11:59:1,2-10-2018  11:59:1,1208.0,1195.31,1190.96,1207.58 x 800,1208.26 x 900,1420404
2-10-2018  11:59:17,2-10-2018  11:59:17,1208.0,1195.31,1190.96,1207.52 x 800,1208.16 x 900,1420404
2-10-2018  11:59:33,2-10-2018  11:59:33,1208.0,1195.31,1190.96,1207.52 x 800,1208.16 x 900,1420404
2-10-2018  11:59:49,2-10-2018  11:59:49,1209.0,1195.31,1190.96,1207.59 x 800,1208.16 x 900,1420404
2-10-2018  12:0:5,2-10-2018  12:0:5,1208.835,1195.31,1190.96,1207.590 x 800,1208.140 x 900,1420404
2-10-2018  12:0:21,2-10-2018  12:0:21,1208.83,1195.31,1190.96,1208.02 x 800,1208.14 x 900,1420404
2-10-2018  12:0:37,2-10-2018  12:0:37,1208.88,1195.31,1190.96,1208.02 x 800,1208.04 x 900,1420404
2-10-2018  12:0:53,2-10-2018  12:0:53,1208.21,1195.31,1190.96,1208.02 x 800,1208.04 x 900,1420404
2-10-2018  12:1:9,2-10-2018  12:1:9,1208.82,1195.31,1190.96,1208.02 x 800,1208.04 x 900,1420404
2-10-2018  12:1:25,2-10-2018  12:1:25,1208.82,1195.31,1190.96,1207.39 x 800,1208.08 x 900,1420404
2-10-2018  12:1:41,2-10-2018  12:1:41,1208.82,1195.31,1190.96,1207.39 x 800,1208.08 x 900,1420404
2-10-2018  12:1:58,2-10-2018  12:1:58,1208.82,1195.31,1190.96,1207.39 x 800,1208.08 x 900,1420404
2-10-2018  12:2:13,2-10-2018  12:2:13,1209.24,1195.31,1190.96,1207.39 x 800,1208.08 x 900,1420404
2-10-2018  12:2:30,2-10-2018  12:2:30,1209.24,1195.31,1190.96,1207.39 x 800,1208.08 x 900,1420404
2-10-2018  12:2:45,2-10-2018  12:2:45,1208.82,1195.31,1190.96,1207.91 x 800,1208.39 x 900,1420404
2-10-2018  12:3:1,2-10-2018  12:3:1,1208.82,1195.31,1190.96,1207.91 x 800,1208.39 x 900,1420404
2-10-2018  12:3:17,2-10-2018  12:3:17,1208.56,1195.31,1190.96,1207.80 x 800,1208.37 x 900,1420404
2-10-2018  12:3:33,2-10-2018  12:3:33,1208.56,1195.31,1190.96,1207.80 x 800,1208.37 x 900,1420404
2-10-2018  12:3:49,2-10-2018  12:3:49,1207.97,1195.31,1190.96,1207.80 x 800,1208.37 x 900,1420404
2-10-2018  12:4:5,2-10-2018  12:4:5,1207.97,1195.31,1190.96,1207.59 x 800,1208.17 x 900,1420404
2-10-2018  12:4:21,2-10-2018  12:4:21,1207.97,1195.31,1190.96,1207.590 x 800,1208.170 x 900,1420404
2-10-2018  12:4:37,2-10-2018  12:4:37,1207.97,1195.31,1190.96,1207.59 x 800,1208.17 x 900,1420404
2-10-2018  12:4:53,2-10-2018  12:4:53,1207.68,1195.31,1190.96,1207.59 x 800,1208.17 x 900,1420404
2-10-2018  12:5:9,2-10-2018  12:5:9,1207.69,1195.31,1190.96,1207.14 x 800,1207.77 x 900,1420404
2-10-2018  12:5:25,2-10-2018  12:5:25,1207.79,1195.31,1190.96,1207.15 x 800,1207.77 x 900,1420404
2-10-2018  12:5:41,2-10-2018  12:5:41,1207.79,1195.31,1190.96,1207.14 x 800,1207.77 x 900,1420404
2-10-2018  12:5:56,2-10-2018  12:5:56,1207.79,1195.31,1190.96,1207.15 x 800,1207.81 x 900,1420404
2-10-2018  12:6:12,2-10-2018  12:6:12,1207.79,1195.31,1190.96,1207.15 x 800,1207.81 x 900,1420404
2-10-2018  12:6:28,2-10-2018  12:6:28,1207.79,1195.31,1190.96,1207.15 x 800,1207.81 x 900,1420404
2-10-2018  12:6:44,2-10-2018  12:6:44,1207.79,1195.31,1190.96,1207.15 x 800,1207.81 x 900,1420404
2-10-2018  12:7:0,2-10-2018  12:7:0,1207.79,1195.31,1190.96,1207.15 x 800,1207.65 x 900,1420404
2-10-2018  12:7:16,2-10-2018  12:7:16,1207.55,1195.31,1190.96,1207.14 x 800,1207.65 x 900,1420404
2-10-2018  12:7:32,2-10-2018  12:7:32,1207.55,1195.31,1190.96,1207.14 x 800,1207.65 x 900,1420404
2-10-2018  12:7:48,2-10-2018  12:7:48,1207.72,1195.31,1190.96,1207.14 x 800,1207.65 x 900,1420404
2-10-2018  12:8:4,2-10-2018  12:8:4,1207.625,1195.31,1190.96,1206.490 x 800,1207.270 x 900,1420404
2-10-2018  12:8:19,2-10-2018  12:8:19,1207.62,1195.31,1190.96,1206.49 x 800,1207.27 x 900,1420404
2-10-2018  12:8:35,2-10-2018  12:8:35,1207.54,1195.31,1190.96,1206.49 x 800,1207.57 x 900,1420404
2-10-2018  12:8:51,2-10-2018  12:8:51,1207.54,1195.31,1190.96,1206.49 x 800,1207.57 x 900,1420404
2-10-2018  12:9:7,2-10-2018  12:9:7,1207.54,1195.31,1190.96,1206.49 x 800,1207.57 x 900,1420404
2-10-2018  12:9:23,2-10-2018  12:9:23,1207.55,1195.31,1190.96,1206.49 x 800,1207.57 x 900,1420404
2-10-2018  12:9:38,2-10-2018  12:9:38,1207.55,1195.31,1190.96,1207.35 x 800,1208.06 x 900,1420404
2-10-2018  12:9:54,2-10-2018  12:9:54,1207.55,1195.31,1190.96,1207.35 x 800,1208.06 x 900,1420404
2-10-2018  12:10:10,2-10-2018  12:10:10,1207.55,1195.31,1190.96,1207.35 x 800,1208.06 x 900,1420404
2-10-2018  12:10:26,2-10-2018  12:10:26,1207.55,1195.31,1190.96,1207.68 x 800,1208.11 x 900,1420404
2-10-2018  12:10:42,2-10-2018  12:10:42,1207.08,1195.31,1190.96,1207.68 x 800,1208.11 x 900,1420404
2-10-2018  12:10:58,2-10-2018  12:10:58,1207.08,1195.31,1190.96,1207.72 x 800,1208.11 x 900,1420404
2-10-2018  12:11:13,2-10-2018  12:11:13,1207.08,1195.31,1190.96,1207.72 x 800,1208.11 x 900,1420404
2-10-2018  12:11:30,2-10-2018  12:11:30,1207.08,1195.31,1190.96,1207.72 x 800,1208.11 x 900,1420404
2-10-2018  12:11:45,2-10-2018  12:11:45,1207.08,1195.31,1190.96,1207.72 x 800,1208.11 x 900,1420404
2-10-2018  12:12:1,2-10-2018  12:12:1,1207.08,1195.31,1190.96,1207.43 x 800,1207.73 x 900,1420404
2-10-2018  12:12:17,2-10-2018  12:12:17,1207.355,1195.31,1190.96,1207.430 x 800,1207.970 x 900,1420404
2-10-2018  12:12:33,2-10-2018  12:12:33,1207.54,1195.31,1190.96,1207.43 x 800,1207.97 x 900,1420404
2-10-2018  12:12:48,2-10-2018  12:12:48,1207.54,1195.31,1190.96,1207.43 x 800,1207.97 x 900,1420404
2-10-2018  12:13:4,2-10-2018  12:13:4,1206.61,1195.31,1190.96,1207.01 x 800,1207.55 x 900,1420404
2-10-2018  12:13:20,2-10-2018  12:13:20,1206.61,1195.31,1190.96,1207.01 x 800,1207.55 x 900,1420404
2-10-2018  12:13:36,2-10-2018  12:13:36,1206.61,1195.31,1190.96,1207.01 x 800,1207.69 x 900,1420404
2-10-2018  12:13:52,2-10-2018  12:13:52,1206.61,1195.31,1190.96,1207.01 x 800,1207.69 x 900,1420404
2-10-2018  12:14:8,2-10-2018  12:14:8,1206.47,1195.31,1190.96,1207.01 x 800,1207.69 x 900,1420404
2-10-2018  12:14:23,2-10-2018  12:14:23,1206.47,1195.31,1190.96,1207.01 x 800,1207.69 x 900,1420404
2-10-2018  12:14:39,2-10-2018  12:14:39,1206.47,1195.31,1190.96,1207.55 x 800,1208.91 x 900,1420404
2-10-2018  12:14:55,2-10-2018  12:14:55,1206.73,1195.31,1190.96,1207.55 x 800,1208.91 x 900,1420404
2-10-2018  12:15:11,2-10-2018  12:15:11,1206.6,1195.31,1190.96,1208.06 x 800,1209.00 x 900,1420404
2-10-2018  12:15:27,2-10-2018  12:15:27,1206.6,1195.31,1190.96,1208.06 x 800,1209.00 x 900,1420404
2-10-2018  12:15:42,2-10-2018  12:15:42,1206.6,1195.31,1190.96,1208.06 x 800,1209.00 x 900,1420404
2-10-2018  12:15:58,2-10-2018  12:15:58,1206.18,1195.31,1190.96,1208.63 x 800,1209.00 x 900,1420404
2-10-2018  12:16:14,2-10-2018  12:16:14,1206.0,1195.31,1190.96,1208.24 x 800,1209.05 x 900,1420404
2-10-2018  12:16:30,2-10-2018  12:16:30,1206.0,1195.31,1190.96,1208.24 x 800,1209.05 x 900,1420404
2-10-2018  12:16:46,2-10-2018  12:16:46,1206.0,1195.31,1190.96,1208.24 x 800,1209.39 x 900,1420404
2-10-2018  12:17:2,2-10-2018  12:17:2,1206.0,1195.31,1190.96,1208.24 x 800,1209.05 x 900,1420404
2-10-2018  12:17:18,2-10-2018  12:17:18,1206.0,1195.31,1190.96,1208.24 x 800,1209.05 x 900,1420404
2-10-2018  12:17:34,2-10-2018  12:17:34,1206.0,1195.31,1190.96,1208.82 x 800,1209.28 x 900,1420404
2-10-2018  12:17:50,2-10-2018  12:17:50,1206.04,1195.31,1190.96,1208.82 x 800,1209.28 x 900,1420404
2-10-2018  12:18:6,2-10-2018  12:18:6,1206.325,1195.31,1190.96,1208.820 x 800,1209.280 x 900,1420404
2-10-2018  12:18:22,2-10-2018  12:18:22,1206.15,1195.31,1190.96,1208.18 x 800,1209.28 x 900,1420404
2-10-2018  12:18:37,2-10-2018  12:18:37,1206.0,1195.31,1190.96,1208.18 x 800,1209.28 x 900,1420404
2-10-2018  12:18:53,2-10-2018  12:18:53,1206.49,1195.31,1190.96,1207.80 x 800,1208.65 x 900,1420404
2-10-2018  12:19:9,2-10-2018  12:19:9,1207.35,1195.31,1190.96,1207.80 x 800,1208.65 x 900,1420404
2-10-2018  12:19:25,2-10-2018  12:19:25,1207.29,1195.31,1190.96,1207.80 x 800,1208.58 x 900,1420404
2-10-2018  12:19:41,2-10-2018  12:19:41,1207.18,1195.31,1190.96,1207.80 x 800,1208.58 x 900,1420404
2-10-2018  12:19:57,2-10-2018  12:19:57,1207.26,1195.31,1190.96,1207.80 x 800,1208.58 x 900,1420404
2-10-2018  12:20:12,2-10-2018  12:20:12,1207.08,1195.31,1190.96,1207.69 x 800,1208.18 x 900,1420404
2-10-2018  12:20:28,2-10-2018  12:20:28,1207.4299,1195.3101,1190.96,1207.6899 x 800,1208.1801 x 900,1420404
2-10-2018  12:20:44,2-10-2018  12:20:44,1206.93,1195.31,1190.96,1207.40 x 800,1208.18 x 900,1420404
2-10-2018  12:21:0,2-10-2018  12:21:0,1206.93,1195.31,1190.96,1207.40 x 800,1208.18 x 900,1420404
2-10-2018  12:21:16,2-10-2018  12:21:16,1206.93,1195.31,1190.96,1207.40 x 800,1207.99 x 900,1420404
2-10-2018  12:21:32,2-10-2018  12:21:32,1206.93,1195.31,1190.96,1207.40 x 800,1207.99 x 900,1420404
2-10-2018  12:21:48,2-10-2018  12:21:48,1206.62,1195.31,1190.96,1207.40 x 800,1207.99 x 900,1420404
2-10-2018  12:22:3,2-10-2018  12:22:3,1206.405,1195.31,1190.96,1207.400 x 800,1207.990 x 900,1420404
2-10-2018  12:22:19,2-10-2018  12:22:19,1206.41,1195.31,1190.96,1207.01 x 800,1207.99 x 900,1420404
2-10-2018  12:22:35,2-10-2018  12:22:35,1206.405,1195.31,1190.96,1207.01 x 800,1207.99 x 900,1420404
2-10-2018  12:22:51,2-10-2018  12:22:51,1205.87,1195.31,1190.96,1207.01 x 800,1207.64 x 900,1420404
2-10-2018  12:23:7,2-10-2018  12:23:7,1205.87,1195.31,1190.96,1207.13 x 800,1207.64 x 900,1420404
2-10-2018  12:23:22,2-10-2018  12:23:22,1206.05,1195.31,1190.96,1207.13 x 800,1207.64 x 900,1420404
2-10-2018  12:23:38,2-10-2018  12:23:38,1206.05,1195.31,1190.96,1207.13 x 800,1207.86 x 900,1420404
2-10-2018  12:23:54,2-10-2018  12:23:54,1206.05,1195.31,1190.96,1207.13 x 800,1207.86 x 900,1420404
2-10-2018  12:24:10,2-10-2018  12:24:10,1205.87,1195.31,1190.96,1207.17 x 800,1207.86 x 900,1420404
2-10-2018  12:24:26,2-10-2018  12:24:26,1206.265,1195.31,1190.96,1207.170 x 800,1207.860 x 900,1420404
2-10-2018  12:24:41,2-10-2018  12:24:41,1206.17,1195.3101,1190.96,1207.17 x 800,1207.86 x 900,1420404
2-10-2018  12:24:57,2-10-2018  12:24:57,1205.74,1195.31,1190.96,1207.25 x 800,1207.86 x 900,1420404
2-10-2018  12:25:13,2-10-2018  12:25:13,1205.81,1195.31,1190.96,1207.25 x 800,1207.86 x 900,1420404
2-10-2018  12:25:29,2-10-2018  12:25:29,1205.81,1195.31,1190.96,1207.25 x 800,1207.85 x 900,1420404
2-10-2018  12:25:45,2-10-2018  12:25:45,1205.16,1195.31,1190.96,1207.25 x 800,1207.85 x 900,1420404
2-10-2018  12:26:1,2-10-2018  12:26:1,1205.16,1195.31,1190.96,1206.02 x 800,1207.20 x 900,1420404
2-10-2018  12:26:16,2-10-2018  12:26:16,1204.62,1195.31,1190.96,1206.02 x 800,1207.20 x 900,1420404
2-10-2018  12:26:32,2-10-2018  12:26:32,1205.33,1195.31,1190.96,1206.02 x 800,1207.20 x 900,1420404
2-10-2018  12:26:48,2-10-2018  12:26:48,1204.04,1195.31,1190.96,1206.020 x 800,1207.200 x 900,1420404
2-10-2018  12:27:4,2-10-2018  12:27:4,1204.51,1195.31,1190.96,1206.020 x 800,1207.200 x 900,1420404
2-10-2018  12:27:20,2-10-2018  12:27:20,1204.51,1195.31,1190.96,1206.67 x 800,1207.36 x 900,1420404
2-10-2018  12:27:36,2-10-2018  12:27:36,1204.505,1195.3101,1190.96,1206.6700 x 800,1207.3600 x 900,1420404
2-10-2018  12:27:52,2-10-2018  12:27:52,1204.51,1195.31,1190.96,1207.09 x 800,1207.59 x 900,1420404
2-10-2018  12:28:7,2-10-2018  12:28:7,1204.73,1195.31,1190.96,1207.0900 x 800,1207.5900 x 900,1420404
2-10-2018  12:28:23,2-10-2018  12:28:23,1204.73,1195.31,1190.96,1207.0900 x 800,1207.5900 x 900,1420404
2-10-2018  12:28:39,2-10-2018  12:28:39,1204.02,1195.31,1190.96,1207.09 x 800,1207.59 x 900,1420404
2-10-2018  12:28:55,2-10-2018  12:28:55,1204.02,1195.31,1190.96,1206.62 x 800,1207.33 x 900,1420404
2-10-2018  12:29:10,2-10-2018  12:29:10,1203.98,1195.31,1190.96,1206.62 x 800,1207.33 x 900,1420404
2-10-2018  12:29:26,2-10-2018  12:29:26,1203.9080000000001,1195.31,1190.96,1206.620 x 800,1207.330 x 900,1420404
2-10-2018  12:29:42,2-10-2018  12:29:42,1203.91,1195.31,1190.96,1206.16 x 800,1206.78 x 900,1420404
2-10-2018  12:29:58,2-10-2018  12:29:58,1203.91,1195.31,1190.96,1206.16 x 800,1206.78 x 900,1420404
2-10-2018  12:30:14,2-10-2018  12:30:14,1203.94,1195.31,1190.96,1206.16 x 800,1206.78 x 900,1420404
2-10-2018  12:30:30,2-10-2018  12:30:30,1204.29,1195.31,1190.96,1206.16 x 800,1206.78 x 900,1420404
2-10-2018  12:30:46,2-10-2018  12:30:46,1204.29,1195.31,1190.96,1206.16 x 800,1206.71 x 900,1420404
2-10-2018  12:31:2,2-10-2018  12:31:2,1204.33,1195.31,1190.96,1206.1700 x 800,1206.7100 x 900,1420404
2-10-2018  12:31:17,2-10-2018  12:31:17,1204.49,1195.31,1190.96,1206.17 x 800,1206.71 x 900,1420404
2-10-2018  12:31:34,2-10-2018  12:31:34,1204.69,1195.31,1190.96,1206.170 x 800,1206.710 x 900,1420404
2-10-2018  12:31:49,2-10-2018  12:31:49,1204.45,1195.31,1190.96,1206.17 x 800,1206.71 x 900,1420404
2-10-2018  12:32:5,2-10-2018  12:32:5,1204.51,1195.31,1190.96,1206.17 x 800,1206.71 x 900,1420404
2-10-2018  12:32:21,2-10-2018  12:32:21,1204.6,1195.31,1190.96,1205.53 x 800,1206.34 x 900,1420404
2-10-2018  12:32:37,2-10-2018  12:32:37,1205.17,1195.31,1190.96,1205.53 x 800,1206.34 x 900,1420404
2-10-2018  12:32:53,2-10-2018  12:32:53,1204.78,1195.31,1190.96,1205.82 x 800,1206.27 x 900,1420404
2-10-2018  12:33:8,2-10-2018  12:33:8,1204.782,1195.31,1190.96,1205.820 x 800,1206.270 x 900,1420404
2-10-2018  12:33:24,2-10-2018  12:33:24,1205.12,1195.31,1190.96,1205.82 x 800,1206.27 x 900,1420404
2-10-2018  12:33:40,2-10-2018  12:33:40,1205.12,1195.31,1190.96,1206.16 x 800,1206.48 x 900,1420404
2-10-2018  12:33:56,2-10-2018  12:33:56,1205.12,1195.31,1190.96,1206.16 x 800,1206.48 x 900,1420404
2-10-2018  12:34:12,2-10-2018  12:34:12,1205.12,1195.31,1190.96,1206.25 x 800,1206.48 x 900,1420404
2-10-2018  12:34:28,2-10-2018  12:34:28,1205.12,1195.31,1190.96,1206.25 x 800,1206.48 x 900,1420404
2-10-2018  12:34:44,2-10-2018  12:34:44,1205.17,1195.31,1190.96,1206.25 x 800,1206.48 x 900,1420404
2-10-2018  12:35:0,2-10-2018  12:35:0,1204.98,1195.31,1190.96,1206.25 x 800,1207.61 x 900,1420404
2-10-2018  12:35:15,2-10-2018  12:35:15,1204.98,1195.31,1190.96,1206.25 x 800,1207.61 x 900,1420404
2-10-2018  12:35:31,2-10-2018  12:35:31,1204.98,1195.31,1190.96,1206.90 x 800,1207.44 x 900,1420404
2-10-2018  12:35:47,2-10-2018  12:35:47,1204.98,1195.31,1190.96,1206.90 x 800,1207.44 x 900,1420404
2-10-2018  12:36:3,2-10-2018  12:36:3,1204.98,1195.31,1190.96,1206.62 x 800,1207.21 x 900,1420404
2-10-2018  12:36:19,2-10-2018  12:36:19,1205.56,1195.31,1190.96,1206.62 x 800,1207.21 x 900,1420404
2-10-2018  12:36:34,2-10-2018  12:36:34,1205.56,1195.31,1190.96,1206.62 x 800,1207.21 x 900,1420404
2-10-2018  12:36:50,2-10-2018  12:36:50,1205.56,1195.31,1190.96,1206.62 x 800,1207.21 x 900,1420404
2-10-2018  12:37:6,2-10-2018  12:37:6,1205.56,1195.31,1190.96,1206.80 x 800,1206.99 x 900,1420404
2-10-2018  12:37:21,2-10-2018  12:37:21,1205.56,1195.31,1190.96,1206.80 x 800,1206.99 x 900,1420404
2-10-2018  12:37:37,2-10-2018  12:37:37,1205.56,1195.31,1190.96,1206.80 x 800,1206.99 x 900,1420404
2-10-2018  12:37:53,2-10-2018  12:37:53,1205.56,1195.31,1190.96,1206.80 x 800,1206.99 x 900,1420404
2-10-2018  12:38:9,2-10-2018  12:38:9,1205.56,1195.31,1190.96,1205.58 x 800,1206.16 x 900,1420404
2-10-2018  12:38:25,2-10-2018  12:38:25,1205.56,1195.31,1190.96,1205.58 x 800,1206.16 x 900,1420404
2-10-2018  12:38:41,2-10-2018  12:38:41,1205.56,1195.31,1190.96,1205.58 x 800,1206.16 x 900,1420404
2-10-2018  12:38:57,2-10-2018  12:38:57,1205.56,1195.31,1190.96,1205.590 x 800,1206.050 x 900,1420404
2-10-2018  12:39:13,2-10-2018  12:39:13,1205.56,1195.31,1190.96,1205.59 x 800,1206.05 x 900,1420404
2-10-2018  12:39:29,2-10-2018  12:39:29,1205.56,1195.31,1190.96,1205.590 x 800,1206.110 x 900,1420404
2-10-2018  12:39:45,2-10-2018  12:39:45,1206.33,1195.31,1190.96,1205.59 x 800,1206.11 x 900,1420404
2-10-2018  12:40:0,2-10-2018  12:40:0,1206.33,1195.31,1190.96,1205.62 x 800,1206.10 x 900,1420404
2-10-2018  12:40:16,2-10-2018  12:40:16,1206.65,1195.31,1190.96,1205.620 x 800,1206.100 x 900,1420404
2-10-2018  12:40:32,2-10-2018  12:40:32,1206.47,1195.31,1190.96,1205.62 x 800,1206.10 x 900,1420404
2-10-2018  12:40:48,2-10-2018  12:40:48,1206.3,1195.31,1190.96,1205.01 x 800,1205.16 x 900,1420404
2-10-2018  12:41:4,2-10-2018  12:41:4,1206.3,1195.31,1190.96,1205.01 x 800,1205.16 x 900,1420404
2-10-2018  12:41:19,2-10-2018  12:41:19,1206.365,1195.3101,1190.96,1205.0100 x 800,1205.1600 x 900,1420404
2-10-2018  12:41:35,2-10-2018  12:41:35,1206.29,1195.31,1190.96,1204.63 x 800,1205.32 x 900,1420404
2-10-2018  12:41:51,2-10-2018  12:41:51,1206.285,1195.31,1190.96,1204.630 x 800,1205.320 x 900,1420404
2-10-2018  12:42:7,2-10-2018  12:42:7,1206.3726,1195.3101,1190.96,1204.6300 x 800,1205.3199 x 900,1420404
2-10-2018  12:42:23,2-10-2018  12:42:23,1206.25,1195.31,1190.96,1204.63 x 800,1205.32 x 900,1420404
2-10-2018  12:42:38,2-10-2018  12:42:38,1206.25,1195.31,1190.96,1204.63 x 800,1205.32 x 900,1420404
2-10-2018  12:42:55,2-10-2018  12:42:55,1206.25,1195.31,1190.96,1204.240 x 800,1205.310 x 900,1420404
2-10-2018  12:43:10,2-10-2018  12:43:10,1206.1575,1195.3101,1190.96,1204.2400 x 800,1205.3101 x 900,1420404
2-10-2018  12:43:26,2-10-2018  12:43:26,1206.16,1195.31,1190.96,1204.24 x 800,1205.31 x 900,1420404
2-10-2018  12:43:42,2-10-2018  12:43:42,1206.16,1195.31,1190.96,1203.57 x 800,1204.84 x 900,1420404
2-10-2018  12:43:58,2-10-2018  12:43:58,1205.82,1195.31,1190.96,1203.57 x 800,1204.84 x 900,1420404
2-10-2018  12:44:14,2-10-2018  12:44:14,1205.75,1195.31,1190.96,1203.65 x 800,1204.16 x 900,1420404
2-10-2018  12:44:29,2-10-2018  12:44:29,1205.75,1195.31,1190.96,1203.650 x 800,1204.160 x 900,1420404
2-10-2018  12:44:45,2-10-2018  12:44:45,1205.75,1195.31,1190.96,1203.650 x 800,1204.160 x 900,1420404
2-10-2018  12:45:1,2-10-2018  12:45:1,1205.75,1195.31,1190.96,1203.65 x 800,1204.16 x 900,1420404
2-10-2018  12:45:17,2-10-2018  12:45:17,1205.75,1195.31,1190.96,1203.68 x 800,1204.19 x 900,1420404
2-10-2018  12:45:33,2-10-2018  12:45:33,1205.06,1195.31,1190.96,1203.68 x 800,1204.19 x 900,1420404
2-10-2018  12:45:48,2-10-2018  12:45:48,1205.11,1195.31,1190.96,1203.68 x 800,1204.19 x 900,1420404
2-10-2018  12:46:4,2-10-2018  12:46:4,1205.11,1195.31,1190.96,1204.160 x 800,1204.460 x 900,1420404
2-10-2018  12:46:20,2-10-2018  12:46:20,1205.19,1195.31,1190.96,1204.24 x 800,1204.46 x 900,1420404
2-10-2018  12:46:36,2-10-2018  12:46:36,1205.0,1195.31,1190.96,1204.24 x 800,1204.46 x 900,1420404
2-10-2018  12:46:52,2-10-2018  12:46:52,1204.53,1195.31,1190.96,1204.24 x 800,1205.00 x 900,1420404
2-10-2018  12:47:9,2-10-2018  12:47:9,1203.9406,1195.3101,1190.96,1204.2400 x 800,1205.0000 x 900,1420404
2-10-2018  12:47:25,2-10-2018  12:47:25,1204.12,1195.31,1190.96,1204.39 x 800,1205.00 x 900,1420404
2-10-2018  12:47:41,2-10-2018  12:47:41,1204.12,1195.31,1190.96,1204.39 x 800,1205.00 x 900,1420404
2-10-2018  12:47:57,2-10-2018  12:47:57,1204.0396,1195.3101,1190.96,1204.3900 x 800,1204.8101 x 900,1420404
2-10-2018  12:48:13,2-10-2018  12:48:13,1204.04,1195.31,1190.96,1204.74 x 800,1204.81 x 900,1420404
2-10-2018  12:48:29,2-10-2018  12:48:29,1204.04,1195.31,1190.96,1204.74 x 800,1204.81 x 900,1420404
2-10-2018  12:48:44,2-10-2018  12:48:44,1202.57,1195.31,1190.96,1204.95 x 800,1205.41 x 900,1420404
2-10-2018  12:49:31,2-10-2018  12:49:31,1202.675,1195.3101,1190.96,1204.9500 x 800,1205.4000 x 900,1420404
2-10-2018  12:49:47,2-10-2018  12:49:47,1202.28,1195.31,1190.96,1204.95 x 800,1205.40 x 900,1420404
2-10-2018  12:50:3,2-10-2018  12:50:3,1202.28,1195.31,1190.96,1204.950 x 800,1205.370 x 900,1420404
2-10-2018  12:50:19,2-10-2018  12:50:19,1202.78,1195.31,1190.96,1204.95 x 800,1205.37 x 900,1420404
2-10-2018  12:50:35,2-10-2018  12:50:35,1202.78,1195.31,1190.96,1204.75 x 800,1205.37 x 900,1420404
2-10-2018  12:50:50,2-10-2018  12:50:50,1202.78,1195.31,1190.96,1204.75 x 800,1205.37 x 900,1420404
2-10-2018  12:51:6,2-10-2018  12:51:6,1202.22,1195.31,1190.96,1204.75 x 800,1205.37 x 900,1420404
2-10-2018  12:51:22,2-10-2018  12:51:22,1200.71,1195.31,1190.96,1204.94 x 800,1205.37 x 900,1420404
2-10-2018  12:51:38,2-10-2018  12:51:38,1202.07,1195.31,1190.96,1204.94 x 800,1205.37 x 900,1420404
2-10-2018  12:51:53,2-10-2018  12:51:53,1201.51,1195.31,1190.96,1204.94 x 800,1205.37 x 900,1420404
2-10-2018  12:52:10,2-10-2018  12:52:10,1201.51,1195.31,1190.96,1205.06 x 800,1205.68 x 900,1420404
2-10-2018  12:52:25,2-10-2018  12:52:25,1201.25,1195.31,1190.96,1204.94 x 800,1205.37 x 900,1420404
2-10-2018  12:52:41,2-10-2018  12:52:41,1201.25,1195.31,1190.96,1205.06 x 800,1205.68 x 900,1420404
2-10-2018  12:52:57,2-10-2018  12:52:57,1201.5601,1195.3101,1190.96,1205.0601 x 800,1205.6801 x 900,1420404
2-10-2018  12:53:13,2-10-2018  12:53:13,1201.5601,1195.3101,1190.96,1205.0601 x 800,1205.6801 x 900,1420404
2-10-2018  12:53:29,2-10-2018  12:53:29,1201.53,1195.31,1190.96,1205.09 x 800,1205.76 x 900,1420404
2-10-2018  12:53:45,2-10-2018  12:53:45,1201.53,1195.31,1190.96,1205.09 x 800,1205.76 x 900,1420404
2-10-2018  12:54:1,2-10-2018  12:54:1,1201.77,1195.31,1190.96,1205.09 x 800,1205.76 x 900,1420404
2-10-2018  12:54:17,2-10-2018  12:54:17,1202.11,1195.31,1190.96,1205.51 x 800,1205.76 x 900,1420404
2-10-2018  12:54:33,2-10-2018  12:54:33,1202.43,1195.31,1190.96,1205.51 x 800,1205.76 x 900,1420404
2-10-2018  12:54:49,2-10-2018  12:54:49,1202.23,1195.31,1190.96,1205.51 x 800,1205.76 x 900,1420404
2-10-2018  12:55:4,2-10-2018  12:55:4,1202.485,1195.31,1190.96,1205.660 x 800,1206.990 x 900,1420404
2-10-2018  12:55:20,2-10-2018  12:55:20,1202.485,1195.31,1190.96,1205.660 x 800,1206.990 x 900,1420404
2-10-2018  12:55:36,2-10-2018  12:55:36,1202.48,1195.31,1190.96,1206.33 x 800,1206.99 x 900,1420404
2-10-2018  12:55:52,2-10-2018  12:55:52,1202.38,1195.31,1190.96,1206.33 x 800,1206.99 x 900,1420404
2-10-2018  12:56:8,2-10-2018  12:56:8,1202.38,1195.31,1190.96,1205.92 x 800,1206.58 x 900,1420404
2-10-2018  12:56:24,2-10-2018  12:56:24,1202.38,1195.31,1190.96,1205.92 x 800,1206.58 x 900,1420404
2-10-2018  12:56:40,2-10-2018  12:56:40,1201.5029,1195.3101,1190.96,1205.9200 x 800,1206.6100 x 900,1420404
2-10-2018  12:56:55,2-10-2018  12:56:55,1201.87,1195.31,1190.96,1205.92 x 800,1206.61 x 900,1420404
2-10-2018  12:57:11,2-10-2018  12:57:11,1201.87,1195.31,1190.96,1205.92 x 800,1206.61 x 900,1420404
2-10-2018  12:57:27,2-10-2018  12:57:27,1201.87,1195.31,1190.96,1205.92 x 800,1206.61 x 900,1420404
2-10-2018  12:57:43,2-10-2018  12:57:43,1201.87,1195.31,1190.96,1205.920 x 800,1206.610 x 900,1420404
2-10-2018  12:57:59,2-10-2018  12:57:59,1201.87,1195.31,1190.96,1206.28 x 800,1206.52 x 900,1420404
2-10-2018  12:58:15,2-10-2018  12:58:15,1201.82,1195.31,1190.96,1206.28 x 800,1206.52 x 900,1420404
2-10-2018  12:58:31,2-10-2018  12:58:31,1201.8199,1195.3101,1190.96,1206.2800 x 800,1206.5200 x 900,1420404
2-10-2018  12:58:47,2-10-2018  12:58:47,1201.82,1195.31,1190.96,1205.95 x 800,1206.10 x 900,1420404
2-10-2018  12:59:3,2-10-2018  12:59:3,1201.82,1195.31,1190.96,1205.95 x 800,1206.10 x 900,1420404
2-10-2018  12:59:19,2-10-2018  12:59:19,1201.82,1195.31,1190.96,1205.95 x 800,1206.10 x 900,1420404
2-10-2018  12:59:35,2-10-2018  12:59:35,1201.82,1195.31,1190.96,1205.610 x 800,1206.010 x 900,1420404
2-10-2018  12:59:51,2-10-2018  12:59:51,1201.8199,1195.3101,1190.96,1205.6100 x 800,1206.0100 x 900,1420404
2-10-2018  13:0:7,2-10-2018  13:0:7,1202.76,1195.3101,1190.96,1205.6100 x 800,1206.0100 x 900,1420404
2-10-2018  13:0:23,2-10-2018  13:0:23,1202.5325,1195.3101,1190.96,1205.34 x 800,1205.91 x 900,1420404
2-10-2018  13:0:39,2-10-2018  13:0:39,1202.66,1195.31,1190.96,1204.89 x 800,1205.91 x 900,1420404
2-10-2018  13:0:55,2-10-2018  13:0:55,1202.66,1195.31,1190.96,1204.89 x 800,1205.91 x 900,1420404
2-10-2018  13:1:11,2-10-2018  13:1:11,1202.78,1195.31,1190.96,1204.89 x 800,1205.37 x 900,1420404
2-10-2018  13:1:27,2-10-2018  13:1:27,1203.41,1195.31,1190.96,1204.89 x 800,1205.37 x 900,1420404
2-10-2018  13:1:43,2-10-2018  13:1:43,1203.343,1195.31,1190.96,1204.890 x 800,1205.480 x 900,1420404
2-10-2018  13:1:59,2-10-2018  13:1:59,1203.3425,1195.3101,1190.96,1204.8900 x 800,1205.4800 x 900,1420404
2-10-2018  13:2:15,2-10-2018  13:2:15,1203.205,1195.31,1190.96,1204.890 x 800,1205.480 x 900,1420404
2-10-2018  13:2:31,2-10-2018  13:2:31,1203.205,1195.3101,1190.96,1204.2600 x 800,1204.2800 x 900,1420404
2-10-2018  13:2:47,2-10-2018  13:2:47,1203.205,1195.3101,1190.96,1204.2600 x 800,1204.2800 x 900,1420404
2-10-2018  13:3:3,2-10-2018  13:3:3,1203.205,1195.3101,1190.96,1204.2600 x 800,1204.2800 x 900,1420404
2-10-2018  13:3:18,2-10-2018  13:3:18,1203.505,1195.3101,1190.96,1204.2600 x 800,1204.2800 x 900,1420404
2-10-2018  13:3:34,2-10-2018  13:3:34,1203.505,1195.31,1190.96,1203.650 x 800,1204.050 x 900,1420404
2-10-2018  13:3:50,2-10-2018  13:3:50,1203.51,1195.31,1190.96,1202.69 x 800,1203.08 x 900,1420404
2-10-2018  13:4:6,2-10-2018  13:4:6,1203.5657,1195.3101,1190.96,1202.6899 x 800,1203.0800 x 900,1420404
2-10-2018  13:4:22,2-10-2018  13:4:22,1203.29,1195.31,1190.96,1202.69 x 800,1203.08 x 900,1420404
2-10-2018  13:4:38,2-10-2018  13:4:38,1203.29,1195.3101,1190.96,1202.6899 x 800,1203.0800 x 900,1420404
2-10-2018  13:4:54,2-10-2018  13:4:54,1203.2,1195.31,1190.96,1202.23 x 800,1202.78 x 900,1420404
2-10-2018  13:5:10,2-10-2018  13:5:10,1203.465,1195.31,1190.96,1202.230 x 800,1202.780 x 900,1420404
2-10-2018  13:5:26,2-10-2018  13:5:26,1203.105,1195.31,1190.96,1202.230 x 800,1202.780 x 900,1420404
2-10-2018  13:5:41,2-10-2018  13:5:41,1203.105,1195.3101,1190.96,1202.2300 x 800,1202.7800 x 900,1420404
2-10-2018  13:5:57,2-10-2018  13:5:57,1202.8,1195.31,1190.96,1202.80 x 800,1203.05 x 900,1420404
2-10-2018  13:6:13,2-10-2018  13:6:13,1202.95,1195.31,1190.96,1202.80 x 800,1203.05 x 900,1420404
2-10-2018  13:6:29,2-10-2018  13:6:29,1202.95,1195.31,1190.96,1201.20 x 800,1202.00 x 900,1420404
2-10-2018  13:6:45,2-10-2018  13:6:45,1202.95,1195.31,1190.96,1201.200 x 800,1202.000 x 900,1420404
2-10-2018  13:7:0,2-10-2018  13:7:0,1202.535,1195.31,1190.96,1201.200 x 800,1202.000 x 900,1420404
2-10-2018  13:7:16,2-10-2018  13:7:16,1202.54,1195.31,1190.96,1201.56 x 800,1202.07 x 900,1420404
2-10-2018  13:7:32,2-10-2018  13:7:32,1202.54,1195.31,1190.96,1201.56 x 800,1202.07 x 900,1420404
2-10-2018  13:7:48,2-10-2018  13:7:48,1202.62,1195.31,1190.96,1201.56 x 800,1202.07 x 900,1420404
2-10-2018  13:8:4,2-10-2018  13:8:4,1202.62,1195.31,1190.96,1201.56 x 800,1202.07 x 900,1420404
2-10-2018  13:8:20,2-10-2018  13:8:20,1202.62,1195.31,1190.96,1201.54 x 800,1202.21 x 900,1420404
2-10-2018  13:8:36,2-10-2018  13:8:36,1202.62,1195.31,1190.96,1201.54 x 800,1202.21 x 900,1420404
2-10-2018  13:8:52,2-10-2018  13:8:52,1202.62,1195.31,1190.96,1201.26 x 800,1201.81 x 900,1420404
2-10-2018  13:9:8,2-10-2018  13:9:8,1202.62,1195.31,1190.96,1201.26 x 800,1201.81 x 900,1420404
2-10-2018  13:9:24,2-10-2018  13:9:24,1202.62,1195.31,1190.96,1201.78 x 800,1202.89 x 900,1420404
2-10-2018  13:9:40,2-10-2018  13:9:40,1202.62,1195.31,1190.96,1201.78 x 800,1202.89 x 900,1420404
2-10-2018  13:9:55,2-10-2018  13:9:55,1202.62,1195.31,1190.96,1201.78 x 800,1202.89 x 900,1420404
2-10-2018  13:10:12,2-10-2018  13:10:12,1202.62,1195.31,1190.96,1201.780 x 800,1202.920 x 900,1420404
2-10-2018  13:10:27,2-10-2018  13:10:27,1202.62,1195.31,1190.96,1201.78 x 800,1202.92 x 900,1420404
2-10-2018  13:10:43,2-10-2018  13:10:43,1203.095,1195.31,1190.96,1201.780 x 800,1202.920 x 900,1420404
2-10-2018  13:10:59,2-10-2018  13:10:59,1203.05,1195.31,1190.96,1202.25 x 800,1202.92 x 900,1420404
2-10-2018  13:11:15,2-10-2018  13:11:15,1203.05,1195.31,1190.96,1202.25 x 800,1202.92 x 900,1420404
2-10-2018  13:11:31,2-10-2018  13:11:31,1203.05,1195.3101,1190.96,1202.0601 x 800,1202.6100 x 900,1420404
2-10-2018  13:11:47,2-10-2018  13:11:47,1203.05,1195.31,1190.96,1202.06 x 800,1202.61 x 900,1420404
2-10-2018  13:12:3,2-10-2018  13:12:3,1203.7025,1195.3101,1190.96,1202.0601 x 800,1202.6100 x 900,1420404
2-10-2018  13:12:19,2-10-2018  13:12:19,1203.57,1195.31,1190.96,1201.31 x 800,1201.97 x 900,1420404
2-10-2018  13:12:35,2-10-2018  13:12:35,1203.57,1195.31,1190.96,1201.31 x 800,1201.97 x 900,1420404
2-10-2018  13:12:51,2-10-2018  13:12:51,1202.7203,1195.3101,1190.96,1201.3101 x 800,1202.3900 x 900,1420404
2-10-2018  13:13:7,2-10-2018  13:13:7,1202.95,1195.31,1190.96,1201.31 x 800,1202.39 x 900,1420404
2-10-2018  13:13:23,2-10-2018  13:13:23,1202.555,1195.31,1190.96,1201.310 x 800,1202.390 x 900,1420404
2-10-2018  13:13:39,2-10-2018  13:13:39,1203.26,1195.31,1190.96,1201.31 x 800,1202.39 x 900,1420404
2-10-2018  13:13:55,2-10-2018  13:13:55,1203.26,1195.31,1190.96,1201.31 x 800,1202.39 x 900,1420404
2-10-2018  13:14:11,2-10-2018  13:14:11,1202.84,1195.31,1190.96,1201.51 x 800,1202.17 x 900,1420404
2-10-2018  13:14:27,2-10-2018  13:14:27,1202.84,1195.31,1190.96,1201.51 x 800,1202.17 x 900,1420404
2-10-2018  13:14:43,2-10-2018  13:14:43,1202.8,1195.31,1190.96,1201.51 x 800,1202.17 x 900,1420404
2-10-2018  13:14:59,2-10-2018  13:14:59,1202.8,1195.31,1190.96,1202.18 x 800,1202.68 x 900,1420404
2-10-2018  13:15:15,2-10-2018  13:15:15,1202.8,1195.31,1190.96,1202.18 x 800,1202.68 x 900,1420404
2-10-2018  13:15:31,2-10-2018  13:15:31,1202.86,1195.31,1190.96,1202.18 x 800,1202.68 x 900,1420404
2-10-2018  13:15:47,2-10-2018  13:15:47,1202.86,1195.3101,1190.96,1202.18 x 800,1202.68 x 900,1420404
2-10-2018  13:16:3,2-10-2018  13:16:3,1202.5,1195.31,1190.96,1202.27 x 800,1202.80 x 900,1420404
2-10-2018  13:16:19,2-10-2018  13:16:19,1202.5,1195.31,1190.96,1202.27 x 800,1202.80 x 900,1420404
2-10-2018  13:16:35,2-10-2018  13:16:35,1202.5,1195.31,1190.96,1202.9700 x 800,1204.2700 x 900,1420404
2-10-2018  13:16:52,2-10-2018  13:16:52,1202.5,1195.31,1190.96,1202.9700 x 800,1204.2700 x 900,1420404
2-10-2018  13:17:8,2-10-2018  13:17:8,1202.93,1195.31,1190.96,1202.970 x 800,1204.270 x 900,1420404
2-10-2018  13:17:24,2-10-2018  13:17:24,1203.08,1195.3101,1190.96,1202.9700 x 800,1204.2700 x 900,1420404
2-10-2018  13:17:40,2-10-2018  13:17:40,1202.855,1195.3101,1190.96,1203.1700 x 800,1203.6500 x 900,1420404
2-10-2018  13:17:56,2-10-2018  13:17:56,1202.85,1195.31,1190.96,1203.17 x 800,1203.65 x 900,1420404
2-10-2018  13:18:12,2-10-2018  13:18:12,1203.065,1195.31,1190.96,1203.170 x 800,1203.650 x 900,1420404
2-10-2018  13:18:28,2-10-2018  13:18:28,1202.965,1195.31,1190.96,1203.180 x 800,1203.840 x 900,1420404
2-10-2018  13:18:44,2-10-2018  13:18:44,1202.93,1195.31,1190.96,1203.18 x 800,1203.84 x 900,1420404
2-10-2018  13:19:0,2-10-2018  13:19:0,1202.93,1195.31,1190.96,1203.18 x 800,1203.84 x 900,1420404
2-10-2018  13:19:16,2-10-2018  13:19:16,1202.955,1195.31,1190.96,1203.190 x 800,1203.750 x 900,1420404
2-10-2018  13:19:32,2-10-2018  13:19:32,1202.96,1195.31,1190.96,1203.19 x 800,1203.75 x 900,1420404
2-10-2018  13:19:48,2-10-2018  13:19:48,1202.99,1195.31,1190.96,1203.19 x 800,1203.75 x 900,1420404
2-10-2018  13:20:4,2-10-2018  13:20:4,1202.855,1195.31,1190.96,1203.180 x 800,1203.750 x 900,1420404
2-10-2018  13:20:19,2-10-2018  13:20:19,1202.855,1195.31,1190.96,1203.180 x 800,1203.750 x 900,1420404
2-10-2018  13:20:35,2-10-2018  13:20:35,1202.855,1195.31,1190.96,1203.180 x 800,1203.750 x 900,1420404
2-10-2018  13:20:52,2-10-2018  13:20:52,1202.85,1195.31,1190.96,1202.85 x 800,1203.40 x 900,1420404
2-10-2018  13:21:7,2-10-2018  13:21:7,1203.23,1195.31,1190.96,1202.85 x 800,1203.40 x 900,1420404
2-10-2018  13:21:23,2-10-2018  13:21:23,1203.63,1195.31,1190.96,1202.85 x 800,1203.40 x 900,1420404
2-10-2018  13:21:39,2-10-2018  13:21:39,1203.63,1195.31,1190.96,1202.85 x 800,1203.40 x 900,1420404
2-10-2018  13:21:55,2-10-2018  13:21:55,1204.0,1195.31,1190.96,1202.85 x 800,1203.40 x 900,1420404
2-10-2018  13:22:10,2-10-2018  13:22:10,1204.0,1195.31,1190.96,1202.26 x 800,1203.01 x 900,1420404
2-10-2018  13:22:27,2-10-2018  13:22:27,1203.95,1195.31,1190.96,1202.26 x 800,1203.01 x 900,1420404
2-10-2018  13:22:42,2-10-2018  13:22:42,1203.8774,1195.3101,1190.96,1202.2600 x 800,1203.0100 x 900,1420404
2-10-2018  13:22:58,2-10-2018  13:22:58,1203.8774,1195.3101,1190.96,1202.2000 x 800,1202.8400 x 900,1420404
2-10-2018  13:23:14,2-10-2018  13:23:14,1203.33,1195.3101,1190.96,1202.2000 x 800,1202.8400 x 900,1420404
2-10-2018  13:23:29,2-10-2018  13:23:29,1203.33,1195.3101,1190.96,1202.2000 x 800,1202.8400 x 900,1420404
2-10-2018  13:23:45,2-10-2018  13:23:45,1203.31,1195.31,1190.96,1202.57 x 800,1202.97 x 900,1420404
2-10-2018  13:24:1,2-10-2018  13:24:1,1203.4,1195.31,1190.96,1202.57 x 800,1202.97 x 900,1420404
2-10-2018  13:24:17,2-10-2018  13:24:17,1203.4,1195.31,1190.96,1202.57 x 800,1202.97 x 900,1420404
2-10-2018  13:24:33,2-10-2018  13:24:33,1203.15,1195.31,1190.96,1202.57 x 800,1203.17 x 900,1420404
2-10-2018  13:24:49,2-10-2018  13:24:49,1203.15,1195.31,1190.96,1202.57 x 800,1203.17 x 900,1420404
2-10-2018  13:25:5,2-10-2018  13:25:5,1203.15,1195.31,1190.96,1202.59 x 800,1203.17 x 900,1420404
2-10-2018  13:25:21,2-10-2018  13:25:21,1203.15,1195.31,1190.96,1202.59 x 800,1203.17 x 900,1420404
2-10-2018  13:25:37,2-10-2018  13:25:37,1203.15,1195.31,1190.96,1202.64 x 800,1203.13 x 900,1420404
2-10-2018  13:25:53,2-10-2018  13:25:53,1203.15,1195.31,1190.96,1202.640 x 800,1203.180 x 900,1420404
2-10-2018  13:26:8,2-10-2018  13:26:8,1202.8726,1195.3101,1190.96,1202.6400 x 800,1203.1801 x 900,1420404
2-10-2018  13:26:24,2-10-2018  13:26:24,1202.8726,1195.3101,1190.96,1202.6400 x 800,1203.1801 x 900,1420404
2-10-2018  13:26:40,2-10-2018  13:26:40,1202.87,1195.31,1190.96,1202.92 x 800,1203.18 x 900,1420404
2-10-2018  13:26:56,2-10-2018  13:26:56,1201.8,1195.31,1190.96,1202.92 x 800,1203.18 x 900,1420404
2-10-2018  13:27:12,2-10-2018  13:27:12,1201.8,1195.31,1190.96,1202.80 x 800,1203.18 x 900,1420404
2-10-2018  13:27:28,2-10-2018  13:27:28,1201.48,1195.31,1190.96,1202.80 x 800,1203.71 x 900,1420404
2-10-2018  13:27:44,2-10-2018  13:27:44,1201.48,1195.31,1190.96,1202.80 x 800,1203.71 x 900,1420404
2-10-2018  13:28:0,2-10-2018  13:28:0,1201.48,1195.31,1190.96,1202.1899 x 800,1203.7100 x 900,1420404
2-10-2018  13:28:16,2-10-2018  13:28:16,1201.48,1195.31,1190.96,1202.80 x 800,1203.71 x 900,1420404
2-10-2018  13:28:32,2-10-2018  13:28:32,1201.485,1195.31,1190.96,1202.190 x 800,1203.180 x 900,1420404
2-10-2018  13:28:48,2-10-2018  13:28:48,1201.485,1195.31,1190.96,1202.190 x 800,1203.180 x 900,1420404
2-10-2018  13:29:4,2-10-2018  13:29:4,1201.3801,1195.3101,1190.96,1202.8700 x 800,1203.3199 x 900,1420404
2-10-2018  13:29:20,2-10-2018  13:29:20,1201.3801,1195.3101,1190.96,1202.8700 x 800,1203.3199 x 900,1420404
2-10-2018  13:29:36,2-10-2018  13:29:36,1201.38,1195.31,1190.96,1202.50 x 800,1203.32 x 900,1420404
2-10-2018  13:29:52,2-10-2018  13:29:52,1201.31,1195.31,1190.96,1202.50 x 800,1203.32 x 900,1420404
2-10-2018  13:30:8,2-10-2018  13:30:8,1201.31,1195.31,1190.96,1202.87 x 800,1203.32 x 900,1420404
2-10-2018  13:30:24,2-10-2018  13:30:24,1201.31,1195.31,1190.96,1202.61 x 800,1203.41 x 900,1420404
2-10-2018  13:30:40,2-10-2018  13:30:40,1201.31,1195.31,1190.96,1202.6100 x 800,1203.4100 x 900,1420404
2-10-2018  13:30:56,2-10-2018  13:30:56,1201.6,1195.3101,1190.96,1202.61 x 800,1202.85 x 900,1420404
2-10-2018  13:31:12,2-10-2018  13:31:12,1201.5,1195.31,1190.96,1202.61 x 800,1202.85 x 900,1420404
2-10-2018  13:31:28,2-10-2018  13:31:28,1201.5,1195.31,1190.96,1202.530 x 800,1202.850 x 900,1420404
2-10-2018  13:31:44,2-10-2018  13:31:44,1201.5,1195.31,1190.96,1202.530 x 800,1202.850 x 900,1420404
2-10-2018  13:32:0,2-10-2018  13:32:0,1201.5,1195.31,1190.96,1202.64 x 800,1202.85 x 900,1420404
2-10-2018  13:32:16,2-10-2018  13:32:16,1201.48,1195.31,1190.96,1202.64 x 800,1202.85 x 900,1420404
2-10-2018  13:32:32,2-10-2018  13:32:32,1201.48,1195.31,1190.96,1202.64 x 800,1203.16 x 900,1420404
2-10-2018  13:32:48,2-10-2018  13:32:48,1201.48,1195.31,1190.96,1202.64 x 800,1203.16 x 900,1420404
2-10-2018  13:33:4,2-10-2018  13:33:4,1201.48,1195.31,1190.96,1202.64 x 800,1203.16 x 900,1420404
2-10-2018  13:33:20,2-10-2018  13:33:20,1201.525,1195.31,1190.96,1202.580 x 800,1203.060 x 900,1420404
2-10-2018  13:33:35,2-10-2018  13:33:35,1201.525,1195.31,1190.96,1202.580 x 800,1203.060 x 900,1420404
2-10-2018  13:33:51,2-10-2018  13:33:51,1201.44,1195.31,1190.96,1202.58 x 800,1203.06 x 900,1420404
2-10-2018  13:34:7,2-10-2018  13:34:7,1201.75,1195.31,1190.96,1202.72 x 800,1203.00 x 900,1420404
2-10-2018  13:34:23,2-10-2018  13:34:23,1201.9,1195.31,1190.96,1202.72 x 800,1203.00 x 900,1420404
2-10-2018  13:34:39,2-10-2018  13:34:39,1201.75,1195.31,1190.96,1202.74 x 800,1203.16 x 900,1420404
2-10-2018  13:34:55,2-10-2018  13:34:55,1201.75,1195.31,1190.96,1202.74 x 800,1203.16 x 900,1420404
2-10-2018  13:35:11,2-10-2018  13:35:11,1201.44,1195.31,1190.96,1202.74 x 800,1203.16 x 900,1420404
2-10-2018  13:35:27,2-10-2018  13:35:27,1201.44,1195.31,1190.96,1202.74 x 800,1203.16 x 900,1420404
2-10-2018  13:35:43,2-10-2018  13:35:43,1201.44,1195.31,1190.96,1202.84 x 800,1203.06 x 900,1420404
2-10-2018  13:35:58,2-10-2018  13:35:58,1201.44,1195.31,1190.96,1202.86 x 800,1203.06 x 900,1420404
2-10-2018  13:36:15,2-10-2018  13:36:15,1201.11,1195.31,1190.96,1202.860 x 800,1203.630 x 900,1420404
2-10-2018  13:36:31,2-10-2018  13:36:31,1201.0743,1195.3101,1190.96,1202.8600 x 800,1203.6300 x 900,1420404
2-10-2018  13:36:47,2-10-2018  13:36:47,1201.0743,1195.3101,1190.96,1202.8600 x 800,1203.6300 x 900,1420404
2-10-2018  13:37:3,2-10-2018  13:37:3,1201.07,1195.31,1190.96,1203.58 x 800,1203.99 x 900,1420404
2-10-2018  13:37:19,2-10-2018  13:37:19,1201.445,1195.31,1190.96,1203.580 x 800,1203.990 x 900,1420404
2-10-2018  13:37:34,2-10-2018  13:37:34,1201.44,1195.31,1190.96,1203.72 x 800,1204.02 x 900,1420404
2-10-2018  13:37:51,2-10-2018  13:37:51,1201.4449,1195.3101,1190.96,1203.7200 x 800,1204.0200 x 900,1420404
2-10-2018  13:38:6,2-10-2018  13:38:6,1201.48,1195.31,1190.96,1203.72 x 800,1204.02 x 900,1420404
2-10-2018  13:38:22,2-10-2018  13:38:22,1201.48,1195.3101,1190.96,1203.7200 x 800,1204.0200 x 900,1420404
2-10-2018  13:38:38,2-10-2018  13:38:38,1201.48,1195.31,1190.96,1203.7200 x 800,1204.0200 x 900,1420404
2-10-2018  13:38:54,2-10-2018  13:38:54,1201.492,1195.31,1190.96,1203.40 x 800,1203.46 x 900,1420404
2-10-2018  13:39:10,2-10-2018  13:39:10,1201.7,1195.31,1190.96,1203.14 x 800,1203.46 x 900,1420404
2-10-2018  13:39:26,2-10-2018  13:39:26,1201.86,1195.3101,1190.96,1203.4000 x 800,1203.4600 x 900,1420404
2-10-2018  13:39:42,2-10-2018  13:39:42,1202.22,1195.31,1190.96,1203.40 x 800,1203.51 x 900,1420404
2-10-2018  13:39:58,2-10-2018  13:39:58,1202.29,1195.31,1190.96,1203.40 x 800,1203.51 x 900,1420404
2-10-2018  13:40:14,2-10-2018  13:40:14,1202.29,1195.31,1190.96,1203.400 x 800,1203.510 x 900,1420404
2-10-2018  13:40:30,2-10-2018  13:40:30,1202.29,1195.31,1190.96,1202.5200 x 800,1203.5100 x 900,1420404
2-10-2018  13:40:46,2-10-2018  13:40:46,1202.67,1195.31,1190.96,1202.57 x 800,1203.03 x 900,1420404
2-10-2018  13:41:2,2-10-2018  13:41:2,1202.67,1195.31,1190.96,1202.57 x 800,1203.03 x 900,1420404
2-10-2018  13:41:18,2-10-2018  13:41:18,1202.67,1195.31,1190.96,1202.57 x 800,1203.03 x 900,1420404
2-10-2018  13:41:34,2-10-2018  13:41:34,1203.11,1195.31,1190.96,1202.57 x 800,1203.03 x 900,1420404
2-10-2018  13:41:50,2-10-2018  13:41:50,1202.84,1195.31,1190.96,1202.61 x 800,1203.04 x 900,1420404
2-10-2018  13:42:6,2-10-2018  13:42:6,1203.11,1195.31,1190.96,1202.61 x 800,1203.04 x 900,1420404
2-10-2018  13:42:22,2-10-2018  13:42:22,1202.72,1195.31,1190.96,1201.61 x 800,1202.05 x 900,1420404
2-10-2018  13:42:38,2-10-2018  13:42:38,1202.67,1195.31,1190.96,1201.61 x 800,1202.05 x 900,1420404
2-10-2018  13:42:54,2-10-2018  13:42:54,1202.725,1195.31,1190.96,1201.610 x 800,1202.050 x 900,1420404
2-10-2018  13:43:10,2-10-2018  13:43:10,1202.675,1195.31,1190.96,1201.610 x 800,1202.050 x 900,1420404
2-10-2018  13:43:25,2-10-2018  13:43:25,1202.6226,1195.3101,1190.96,1201.1600 x 800,1201.7200 x 900,1420404
2-10-2018  13:43:41,2-10-2018  13:43:41,1202.6,1195.31,1190.96,1201.16 x 800,1201.72 x 900,1420404
2-10-2018  13:43:57,2-10-2018  13:43:57,1202.6,1195.31,1190.96,1201.16 x 800,1201.72 x 900,1420404
2-10-2018  13:44:13,2-10-2018  13:44:13,1202.6,1195.31,1190.96,1201.25 x 800,1201.79 x 900,1420404
2-10-2018  13:44:29,2-10-2018  13:44:29,1202.6,1195.31,1190.96,1201.25 x 800,1201.79 x 900,1420404
2-10-2018  13:44:45,2-10-2018  13:44:45,1202.42,1195.31,1190.96,1201.30 x 800,1201.79 x 900,1420404
2-10-2018  13:45:2,2-10-2018  13:45:2,1202.34,1195.31,1190.96,1201.30 x 800,1201.79 x 900,1420404
2-10-2018  13:45:17,2-10-2018  13:45:17,1202.34,1195.31,1190.96,1201.30 x 800,1201.79 x 900,1420404
2-10-2018  13:45:34,2-10-2018  13:45:34,1202.34,1195.31,1190.96,1201.30 x 800,1201.79 x 900,1420404
2-10-2018  13:45:49,2-10-2018  13:45:49,1202.34,1195.3101,1190.96,1201.2700 x 800,1201.9500 x 900,1420404
2-10-2018  13:46:6,2-10-2018  13:46:6,1202.09,1195.31,1190.96,1201.27 x 800,1201.95 x 900,1420404
2-10-2018  13:46:22,2-10-2018  13:46:22,1202.09,1195.31,1190.96,1201.27 x 800,1201.89 x 900,1420404
2-10-2018  13:46:38,2-10-2018  13:46:38,1202.01,1195.31,1190.96,1201.27 x 800,1201.89 x 900,1420404
2-10-2018  13:46:54,2-10-2018  13:46:54,1202.01,1195.31,1190.96,1201.27 x 800,1201.89 x 900,1420404
2-10-2018  13:47:10,2-10-2018  13:47:10,1201.62,1195.31,1190.96,1201.50 x 800,1201.94 x 900,1420404
2-10-2018  13:47:27,2-10-2018  13:47:27,1201.62,1195.31,1190.96,1201.50 x 800,1201.74 x 900,1420404
2-10-2018  13:47:43,2-10-2018  13:47:43,1201.6222,1195.3101,1190.96,1201.50 x 800,1201.74 x 900,1420404
2-10-2018  13:47:59,2-10-2018  13:47:59,1201.845,1195.31,1190.96,1201.500 x 800,1201.940 x 900,1420404
2-10-2018  13:48:15,2-10-2018  13:48:15,1202.1,1195.31,1190.96,1201.21 x 800,1201.74 x 900,1420404
2-10-2018  13:48:31,2-10-2018  13:48:31,1202.17,1195.31,1190.96,1201.21 x 800,1201.74 x 900,1420404
2-10-2018  13:48:47,2-10-2018  13:48:47,1202.28,1195.31,1190.96,1201.14 x 800,1201.77 x 900,1420404
2-10-2018  13:49:3,2-10-2018  13:49:3,1201.995,1195.31,1190.96,1201.140 x 800,1201.770 x 900,1420404
2-10-2018  13:49:19,2-10-2018  13:49:19,1201.6989999999998,1195.31,1190.96,1201.140 x 800,1201.900 x 900,1420404
2-10-2018  13:49:35,2-10-2018  13:49:35,1201.7,1195.31,1190.96,1201.76 x 800,1201.90 x 900,1420404
2-10-2018  13:49:53,2-10-2018  13:49:53,1201.765,1195.31,1190.96,1201.760 x 800,1201.900 x 900,1420404
2-10-2018  13:50:9,2-10-2018  13:50:9,1201.765,1195.31,1190.96,1201.760 x 800,1201.900 x 900,1420404
2-10-2018  13:50:24,2-10-2018  13:50:24,1201.765,1195.31,1190.96,1201.760 x 800,1201.900 x 900,1420404
2-10-2018  13:50:40,2-10-2018  13:50:40,1201.77,1195.31,1190.96,1201.32 x 800,1201.76 x 900,1420404
2-10-2018  13:50:56,2-10-2018  13:50:56,1201.9080000000001,1195.31,1190.96,1201.320 x 800,1201.470 x 900,1420404
2-10-2018  13:51:12,2-10-2018  13:51:12,1201.91,1195.31,1190.96,1200.89 x 800,1201.47 x 900,1420404
2-10-2018  13:51:28,2-10-2018  13:51:28,1201.85,1195.31,1190.96,1200.89 x 800,1201.47 x 900,1420404
2-10-2018  13:51:44,2-10-2018  13:51:44,1201.97,1195.31,1190.96,1200.89 x 800,1201.47 x 900,1420404
2-10-2018  13:52:0,2-10-2018  13:52:0,1201.975,1195.3101,1190.96,1200.8900 x 800,1201.3300 x 900,1420404
2-10-2018  13:52:15,2-10-2018  13:52:15,1201.975,1195.3101,1190.96,1200.89 x 800,1201.34 x 900,1420404
2-10-2018  13:52:31,2-10-2018  13:52:31,1202.45,1195.31,1190.96,1200.89 x 800,1201.34 x 900,1420404
2-10-2018  13:52:47,2-10-2018  13:52:47,1202.43,1195.31,1190.96,1200.89 x 800,1201.34 x 900,1420404
2-10-2018  13:53:3,2-10-2018  13:53:3,1202.43,1195.31,1190.96,1201.25 x 800,1201.34 x 900,1420404
2-10-2018  13:53:19,2-10-2018  13:53:19,1202.11,1195.31,1190.96,1201.25 x 800,1201.34 x 900,1420404
2-10-2018  13:53:35,2-10-2018  13:53:35,1201.88,1195.31,1190.96,1201.25 x 800,1201.34 x 900,1420404
2-10-2018  13:53:52,2-10-2018  13:53:52,1201.6,1195.31,1190.96,1201.27 x 800,1201.34 x 900,1420404
2-10-2018  13:54:7,2-10-2018  13:54:7,1201.6,1195.31,1190.96,1201.270 x 800,1201.690 x 900,1420404
2-10-2018  13:54:23,2-10-2018  13:54:23,1201.6,1195.31,1190.96,1201.6700 x 800,1201.6899 x 900,1420404
2-10-2018  13:54:39,2-10-2018  13:54:39,1201.68,1195.31,1190.96,1201.67 x 800,1201.69 x 900,1420404
2-10-2018  13:54:56,2-10-2018  13:54:56,1201.68,1195.31,1190.96,1201.67 x 800,1202.28 x 900,1420404
2-10-2018  13:55:12,2-10-2018  13:55:12,1201.68,1195.31,1190.96,1201.67 x 800,1202.28 x 900,1420404
2-10-2018  13:55:28,2-10-2018  13:55:28,1202.203,1195.31,1190.96,1201.670 x 800,1202.280 x 900,1420404
2-10-2018  13:55:44,2-10-2018  13:55:44,1202.2025,1195.3101,1190.96,1202.0900 x 800,1202.5601 x 900,1420404
2-10-2018  13:56:0,2-10-2018  13:56:0,1202.2025,1195.3101,1190.96,1202.38 x 800,1202.56 x 900,1420404
2-10-2018  13:56:15,2-10-2018  13:56:15,1201.81,1195.31,1190.96,1202.38 x 800,1202.56 x 900,1420404
2-10-2018  13:56:31,2-10-2018  13:56:31,1201.81,1195.31,1190.96,1202.38 x 800,1202.92 x 900,1420404
2-10-2018  13:56:47,2-10-2018  13:56:47,1201.8101,1195.3101,1190.96,1202.3800 x 800,1202.9200 x 900,1420404
2-10-2018  13:57:3,2-10-2018  13:57:3,1201.81,1195.31,1190.96,1202.76 x 800,1203.47 x 900,1420404
2-10-2018  13:57:19,2-10-2018  13:57:19,1201.785,1195.31,1190.96,1202.760 x 800,1203.470 x 900,1420404
2-10-2018  13:57:35,2-10-2018  13:57:35,1201.73,1195.31,1190.96,1202.76 x 800,1203.47 x 900,1420404
2-10-2018  13:57:51,2-10-2018  13:57:51,1202.0,1195.31,1190.96,1202.390 x 800,1202.950 x 900,1420404
2-10-2018  13:58:7,2-10-2018  13:58:7,1201.77,1195.31,1190.96,1202.390 x 800,1202.950 x 900,1420404
2-10-2018  13:58:22,2-10-2018  13:58:22,1201.77,1195.31,1190.96,1202.39 x 800,1202.95 x 900,1420404
2-10-2018  13:58:39,2-10-2018  13:58:39,1201.55,1195.31,1190.96,1202.43 x 800,1202.95 x 900,1420404
2-10-2018  13:58:54,2-10-2018  13:58:54,1201.66,1195.31,1190.96,1202.43 x 800,1202.95 x 900,1420404
2-10-2018  13:59:11,2-10-2018  13:59:11,1201.66,1195.31,1190.96,1202.43 x 800,1202.76 x 900,1420404
2-10-2018  13:59:26,2-10-2018  13:59:26,1201.66,1195.31,1190.96,1202.43 x 800,1202.76 x 900,1420404
2-10-2018  13:59:42,2-10-2018  13:59:42,1201.56,1195.31,1190.96,1202.44 x 800,1202.92 x 900,1420404
2-10-2018  13:59:58,2-10-2018  13:59:58,1201.62,1195.31,1190.96,1202.44 x 800,1202.92 x 900,1420404
2-10-2018  14:0:14,2-10-2018  14:0:14,1201.62,1195.31,1190.96,1202.44 x 800,1202.92 x 900,1420404
2-10-2018  14:0:30,2-10-2018  14:0:30,1201.07,1195.31,1190.96,1202.04 x 800,1202.57 x 900,1420404
2-10-2018  14:0:46,2-10-2018  14:0:46,1201.07,1195.31,1190.96,1202.04 x 800,1202.57 x 900,1420404
2-10-2018  14:1:1,2-10-2018  14:1:1,1201.255,1195.31,1190.96,1202.040 x 800,1202.570 x 900,1420404
2-10-2018  14:1:17,2-10-2018  14:1:17,1201.0223,1195.3101,1190.96,1202.0400 x 800,1202.5699 x 900,1420404
