time,time,Main Price,Prev Close,Open,Bid,Ask,Volume
2-10-2018  9:36:0,2-10-2018  9:36:0,227.77,227.26,227.25,227.15 x 800,227.20 x 900,28071275
2-10-2018  9:36:28,2-10-2018  9:36:28,227.37,227.26,227.25,227.15 x 800,227.20 x 900,28071275
2-10-2018  9:36:44,2-10-2018  9:36:44,227.38,227.26,227.25,227.1500 x 800,227.2000 x 900,28071275
2-10-2018  9:37:1,2-10-2018  9:37:1,227.19,227.26,227.25,227.02 x 800,227.20 x 900,28071275
2-10-2018  9:37:16,2-10-2018  9:37:16,227.08,227.26,227.25,227.02 x 800,227.20 x 900,28071275
2-10-2018  9:37:32,2-10-2018  9:37:32,226.91,227.26,227.25,227.02 x 800,227.20 x 900,28071275
2-10-2018  9:37:48,2-10-2018  9:37:48,226.89,227.26,227.25,227.02 x 800,227.20 x 900,28071275
2-10-2018  9:38:36,2-10-2018  9:38:36,227.0,227.26,227.25,227.00 x 800,227.18 x 900,28071275
2-10-2018  9:38:52,2-10-2018  9:38:52,227.0,227.26,227.25,227.000 x 800,227.180 x 900,28071275
2-10-2018  9:39:8,2-10-2018  9:39:8,227.22,227.26,227.25,227.00 x 800,227.18 x 900,28071275
2-10-2018  9:39:24,2-10-2018  9:39:24,226.64,227.26,227.25,226.8200 x 800,227.2000 x 900,28071275
2-10-2018  9:39:40,2-10-2018  9:39:40,227.01,227.26,227.25,226.82 x 800,227.20 x 900,28071275
2-10-2018  9:39:56,2-10-2018  9:39:56,226.94,227.26,227.25,226.82 x 800,227.20 x 900,28071275
2-10-2018  9:40:12,2-10-2018  9:40:12,227.0,227.26,227.25,226.82 x 800,227.20 x 900,28071275
2-10-2018  9:40:28,2-10-2018  9:40:28,227.26,227.26,227.25,226.82 x 800,227.20 x 900,28071275
2-10-2018  9:40:44,2-10-2018  9:40:44,227.38,227.26,227.25,226.82 x 800,226.98 x 900,28071275
2-10-2018  9:41:0,2-10-2018  9:41:0,227.57,227.26,227.25,226.82 x 800,226.98 x 900,28071275
2-10-2018  9:41:16,2-10-2018  9:41:16,227.61,227.26,227.25,226.82 x 800,226.98 x 900,28071275
2-10-2018  9:41:32,2-10-2018  9:41:32,227.61,227.26,227.25,226.82 x 800,226.98 x 900,28071275
2-10-2018  9:41:48,2-10-2018  9:41:48,227.52,227.26,227.25,226.90 x 800,226.97 x 900,28071275
2-10-2018  9:42:4,2-10-2018  9:42:4,227.62,227.26,227.25,226.90 x 800,226.97 x 900,28071275
2-10-2018  9:42:20,2-10-2018  9:42:20,227.55,227.26,227.25,226.9000 x 800,226.9700 x 900,28071275
2-10-2018  9:42:36,2-10-2018  9:42:36,227.52,227.26,227.25,226.90 x 800,226.97 x 900,28071275
2-10-2018  9:42:51,2-10-2018  9:42:51,227.55,227.26,227.25,226.90 x 800,226.97 x 900,28071275
2-10-2018  9:43:7,2-10-2018  9:43:7,227.53,227.26,227.25,226.90 x 800,226.97 x 900,28071275
2-10-2018  9:43:23,2-10-2018  9:43:23,227.62,227.26,227.25,227.10 x 800,227.18 x 900,28071275
2-10-2018  9:43:39,2-10-2018  9:43:39,227.6629,227.26,227.25,227.1000 x 800,227.1800 x 900,28071275
2-10-2018  9:43:55,2-10-2018  9:43:55,227.8495,227.26,227.25,227.1000 x 800,227.1800 x 900,28071275
2-10-2018  9:44:11,2-10-2018  9:44:11,227.81,227.26,227.25,226.95 x 800,227.23 x 900,28071275
2-10-2018  9:44:27,2-10-2018  9:44:27,228.01,227.26,227.25,226.95 x 800,227.23 x 900,28071275
2-10-2018  9:44:43,2-10-2018  9:44:43,227.89,227.26,227.25,226.95 x 800,227.23 x 900,28071275
2-10-2018  9:44:58,2-10-2018  9:44:58,227.94,227.26,227.25,227.420 x 800,227.420 x 900,28071275
2-10-2018  9:45:14,2-10-2018  9:45:14,228.03,227.26,227.25,227.42 x 800,227.42 x 900,28071275
2-10-2018  9:45:30,2-10-2018  9:45:30,228.05,227.26,227.25,227.57 x 800,227.68 x 900,28071275
2-10-2018  9:45:45,2-10-2018  9:45:45,228.049,227.26,227.25,227.5700 x 800,227.6800 x 900,28071275
2-10-2018  9:46:1,2-10-2018  9:46:1,228.1,227.26,227.25,227.57 x 800,227.68 x 900,28071275
2-10-2018  9:46:17,2-10-2018  9:46:17,228.22,227.26,227.25,227.68 x 800,227.68 x 900,28071275
2-10-2018  9:46:33,2-10-2018  9:46:33,228.17,227.26,227.25,227.68 x 800,227.68 x 900,28071275
2-10-2018  9:46:49,2-10-2018  9:46:49,228.11,227.26,227.25,227.68 x 800,227.68 x 900,28071275
2-10-2018  9:47:5,2-10-2018  9:47:5,228.29,227.26,227.25,227.81 x 800,227.84 x 900,28071275
2-10-2018  9:47:21,2-10-2018  9:47:21,228.38,227.26,227.25,227.81 x 800,227.84 x 900,28071275
2-10-2018  9:47:36,2-10-2018  9:47:36,228.43,227.26,227.25,227.81 x 800,227.84 x 900,28071275
2-10-2018  9:47:52,2-10-2018  9:47:52,228.38,227.26,227.25,228.07 x 800,228.09 x 900,28071275
2-10-2018  9:48:8,2-10-2018  9:48:8,228.24,227.26,227.25,228.0700 x 800,228.0900 x 900,28071275
2-10-2018  9:48:24,2-10-2018  9:48:24,228.21,227.26,227.25,228.07 x 800,228.09 x 900,28071275
2-10-2018  9:48:40,2-10-2018  9:48:40,228.17,227.26,227.25,227.940 x 800,227.970 x 900,28071275
2-10-2018  9:48:56,2-10-2018  9:48:56,228.22,227.26,227.25,227.94 x 800,227.97 x 900,28071275
2-10-2018  9:49:11,2-10-2018  9:49:11,228.24,227.26,227.25,227.94 x 800,227.97 x 900,28071275
2-10-2018  9:49:28,2-10-2018  9:49:28,228.45,227.26,227.25,227.66 x 800,227.74 x 900,28071275
2-10-2018  9:49:43,2-10-2018  9:49:43,228.51,227.26,227.25,227.6600 x 800,227.7400 x 900,28071275
2-10-2018  9:50:0,2-10-2018  9:50:0,228.54,227.26,227.25,227.66 x 800,227.74 x 900,28071275
2-10-2018  9:50:15,2-10-2018  9:50:15,228.49,227.26,227.25,227.740 x 800,227.800 x 900,28071275
2-10-2018  9:50:31,2-10-2018  9:50:31,228.54,227.26,227.25,227.74 x 800,227.80 x 900,28071275
2-10-2018  9:50:47,2-10-2018  9:50:47,228.5309,227.26,227.25,227.7400 x 800,227.8000 x 900,28071275
2-10-2018  9:51:3,2-10-2018  9:51:3,228.62,227.26,227.25,227.83 x 800,227.88 x 900,28071275
2-10-2018  9:51:19,2-10-2018  9:51:19,228.55,227.26,227.25,227.83 x 800,227.88 x 900,28071275
2-10-2018  9:51:35,2-10-2018  9:51:35,228.55,227.26,227.25,227.83 x 800,227.88 x 900,28071275
2-10-2018  9:51:51,2-10-2018  9:51:51,228.41,227.26,227.25,227.36 x 800,227.44 x 900,28071275
2-10-2018  9:52:7,2-10-2018  9:52:7,228.455,227.26,227.25,227.360 x 800,227.440 x 900,28071275
2-10-2018  9:52:22,2-10-2018  9:52:22,228.31,227.26,227.25,227.36 x 800,227.44 x 900,28071275
2-10-2018  9:52:38,2-10-2018  9:52:38,228.39,227.26,227.25,227.08 x 800,227.12 x 900,28071275
2-10-2018  9:52:54,2-10-2018  9:52:54,228.42,227.26,227.25,227.08 x 800,227.12 x 900,28071275
2-10-2018  9:53:10,2-10-2018  9:53:10,228.37,227.26,227.25,227.08 x 800,227.12 x 900,28071275
2-10-2018  9:53:26,2-10-2018  9:53:26,228.39,227.26,227.25,226.91 x 800,227.01 x 900,28071275
2-10-2018  9:53:42,2-10-2018  9:53:42,228.419,227.26,227.25,226.910 x 800,227.010 x 900,28071275
2-10-2018  9:53:58,2-10-2018  9:53:58,228.4,227.26,227.25,226.91 x 800,227.01 x 900,28071275
2-10-2018  9:54:15,2-10-2018  9:54:15,228.38,227.26,227.25,227.19 x 800,227.26 x 900,28071275
2-10-2018  9:54:30,2-10-2018  9:54:30,228.5538,227.26,227.25,227.1900 x 800,227.2600 x 900,28071275
2-10-2018  9:54:46,2-10-2018  9:54:46,228.54,227.26,227.25,227.19 x 800,227.26 x 900,28071275
2-10-2018  9:55:2,2-10-2018  9:55:2,228.5,227.26,227.25,226.92 x 800,227.00 x 900,28071275
2-10-2018  9:55:18,2-10-2018  9:55:18,228.55,227.26,227.25,226.9200 x 800,227.0000 x 900,28071275
2-10-2018  9:55:34,2-10-2018  9:55:34,228.575,227.26,227.25,227.240 x 800,227.260 x 900,28071275
2-10-2018  9:55:50,2-10-2018  9:55:50,228.58,227.26,227.25,227.2400 x 800,227.2600 x 900,28071275
2-10-2018  9:56:6,2-10-2018  9:56:6,228.55,227.26,227.25,227.24 x 800,227.26 x 900,28071275
2-10-2018  9:56:22,2-10-2018  9:56:22,228.48,227.26,227.25,227.56 x 800,227.61 x 900,28071275
2-10-2018  9:56:37,2-10-2018  9:56:37,228.59,227.26,227.25,227.56 x 800,227.61 x 900,28071275
2-10-2018  9:56:54,2-10-2018  9:56:54,228.7452,227.26,227.25,227.5600 x 800,227.6100 x 900,28071275
2-10-2018  9:57:9,2-10-2018  9:57:9,228.9,227.26,227.25,227.65 x 800,227.73 x 900,28071275
2-10-2018  9:57:25,2-10-2018  9:57:25,228.94,227.26,227.25,227.65 x 800,227.73 x 900,28071275
2-10-2018  9:57:41,2-10-2018  9:57:41,228.95,227.26,227.25,227.65 x 800,227.73 x 900,28071275
2-10-2018  9:57:57,2-10-2018  9:57:57,228.87,227.26,227.25,227.62 x 800,227.65 x 900,28071275
2-10-2018  9:58:13,2-10-2018  9:58:13,229.125,227.26,227.25,227.620 x 800,227.650 x 900,28071275
2-10-2018  9:58:29,2-10-2018  9:58:29,229.19,227.26,227.25,227.62 x 800,227.65 x 900,28071275
2-10-2018  9:58:45,2-10-2018  9:58:45,229.3,227.26,227.25,227.67 x 800,227.69 x 900,28071275
2-10-2018  9:59:1,2-10-2018  9:59:1,229.33,227.26,227.25,227.670 x 800,227.690 x 900,28071275
2-10-2018  9:59:17,2-10-2018  9:59:17,229.285,227.26,227.25,227.67 x 800,227.69 x 900,28071275
2-10-2018  9:59:33,2-10-2018  9:59:33,229.23,227.26,227.25,227.94 x 800,227.97 x 900,28071275
2-10-2018  9:59:49,2-10-2018  9:59:49,229.235,227.26,227.25,227.940 x 800,227.970 x 900,28071275
2-10-2018  10:0:5,2-10-2018  10:0:5,229.22,227.26,227.25,227.94 x 800,227.97 x 900,28071275
2-10-2018  10:0:21,2-10-2018  10:0:21,229.09,227.26,227.25,227.99 x 800,228.01 x 900,28071275
2-10-2018  10:0:37,2-10-2018  10:0:37,229.1389,227.26,227.25,227.9900 x 800,228.0100 x 900,28071275
2-10-2018  10:0:53,2-10-2018  10:0:53,229.2,227.26,227.25,227.99 x 800,228.01 x 900,28071275
2-10-2018  10:1:9,2-10-2018  10:1:9,229.21,227.26,227.25,228.0100 x 800,228.0400 x 900,28071275
2-10-2018  10:1:25,2-10-2018  10:1:25,229.23,227.26,227.25,228.01 x 800,228.04 x 900,28071275
2-10-2018  10:1:41,2-10-2018  10:1:41,229.29,227.26,227.25,228.01 x 800,228.04 x 900,28071275
2-10-2018  10:1:57,2-10-2018  10:1:57,229.35,227.26,227.25,228.11 x 800,228.13 x 900,28071275
2-10-2018  10:2:13,2-10-2018  10:2:13,229.3327,227.26,227.25,228.110 x 800,228.130 x 900,28071275
2-10-2018  10:2:29,2-10-2018  10:2:29,229.19,227.26,227.25,228.3400 x 800,228.3600 x 900,28071275
2-10-2018  10:2:45,2-10-2018  10:2:45,229.1559,227.26,227.25,228.3400 x 800,228.3600 x 900,28071275
2-10-2018  10:3:1,2-10-2018  10:3:1,229.2401,227.26,227.25,228.3400 x 800,228.3600 x 900,28071275
2-10-2018  10:3:17,2-10-2018  10:3:17,229.13,227.26,227.25,228.15 x 800,228.20 x 900,28071275
2-10-2018  10:3:33,2-10-2018  10:3:33,229.16,227.26,227.25,228.15 x 800,228.20 x 900,28071275
2-10-2018  10:3:48,2-10-2018  10:3:48,229.12,227.26,227.25,228.15 x 800,228.20 x 900,28071275
2-10-2018  10:4:4,2-10-2018  10:4:4,229.17,227.26,227.25,228.23 x 800,228.24 x 900,28071275
2-10-2018  10:4:20,2-10-2018  10:4:20,229.15,227.26,227.25,228.23 x 800,228.24 x 900,28071275
2-10-2018  10:4:36,2-10-2018  10:4:36,228.9426,227.26,227.25,228.23 x 800,228.24 x 900,28071275
2-10-2018  10:4:52,2-10-2018  10:4:52,228.87,227.26,227.25,228.51 x 800,228.53 x 900,28071275
2-10-2018  10:5:8,2-10-2018  10:5:8,228.92,227.26,227.25,228.51 x 800,228.53 x 900,28071275
2-10-2018  10:5:23,2-10-2018  10:5:23,228.99,227.26,227.25,228.51 x 800,228.53 x 900,28071275
2-10-2018  10:5:39,2-10-2018  10:5:39,229.08,227.26,227.25,228.51 x 800,228.55 x 900,28071275
2-10-2018  10:5:55,2-10-2018  10:5:55,228.96,227.26,227.25,228.51 x 800,228.55 x 900,28071275
2-10-2018  10:6:11,2-10-2018  10:6:11,229.04,227.26,227.25,228.51 x 800,228.55 x 900,28071275
2-10-2018  10:6:27,2-10-2018  10:6:27,229.04,227.26,227.25,228.56 x 800,228.58 x 900,28071275
2-10-2018  10:6:43,2-10-2018  10:6:43,229.00400000000002,227.26,227.25,228.560 x 800,228.580 x 900,28071275
2-10-2018  10:6:59,2-10-2018  10:6:59,229.04,227.26,227.25,228.56 x 800,228.58 x 900,28071275
2-10-2018  10:7:15,2-10-2018  10:7:15,229.09,227.26,227.25,228.48 x 800,228.50 x 900,28071275
2-10-2018  10:7:31,2-10-2018  10:7:31,229.05,227.26,227.25,228.48 x 800,228.50 x 900,28071275
2-10-2018  10:7:47,2-10-2018  10:7:47,228.96900000000002,227.26,227.25,228.480 x 800,228.500 x 900,28071275
2-10-2018  10:8:2,2-10-2018  10:8:2,229.02,227.26,227.25,228.41 x 800,228.37 x 900,28071275
2-10-2018  10:8:18,2-10-2018  10:8:18,228.975,227.26,227.25,228.410 x 800,228.370 x 900,28071275
2-10-2018  10:8:34,2-10-2018  10:8:34,228.9424,227.26,227.25,228.4100 x 800,228.3700 x 900,28071275
2-10-2018  10:8:50,2-10-2018  10:8:50,228.85,227.26,227.25,228.40 x 800,228.37 x 900,28071275
2-10-2018  10:9:6,2-10-2018  10:9:6,228.88,227.26,227.25,228.40 x 800,228.37 x 900,28071275
2-10-2018  10:9:22,2-10-2018  10:9:22,228.87,227.26,227.25,228.50 x 800,228.37 x 900,28071275
2-10-2018  10:9:37,2-10-2018  10:9:37,228.88,227.26,227.25,228.50 x 800,228.54 x 900,28071275
2-10-2018  10:9:53,2-10-2018  10:9:53,228.82299999999998,227.26,227.25,228.5000 x 800,228.5400 x 900,28071275
2-10-2018  10:10:9,2-10-2018  10:10:9,228.85,227.26,227.25,228.55 x 800,228.54 x 900,28071275
2-10-2018  10:10:25,2-10-2018  10:10:25,228.85,227.26,227.25,228.55 x 800,228.57 x 900,28071275
2-10-2018  10:10:41,2-10-2018  10:10:41,228.83,227.26,227.25,228.55 x 800,228.57 x 900,28071275
2-10-2018  10:10:57,2-10-2018  10:10:57,228.81,227.26,227.25,228.600 x 800,228.570 x 900,28071275
2-10-2018  10:11:13,2-10-2018  10:11:13,228.81,227.26,227.25,228.60 x 800,228.60 x 900,28071275
2-10-2018  10:11:29,2-10-2018  10:11:29,228.79,227.26,227.25,228.60 x 800,228.60 x 900,28071275
2-10-2018  10:11:44,2-10-2018  10:11:44,228.78,227.26,227.25,228.6100 x 800,228.6100 x 900,28071275
2-10-2018  10:12:0,2-10-2018  10:12:0,228.73,227.26,227.25,228.61 x 800,228.61 x 900,28071275
2-10-2018  10:12:17,2-10-2018  10:12:17,228.78,227.26,227.25,228.610 x 800,228.610 x 900,28071275
2-10-2018  10:12:33,2-10-2018  10:12:33,228.78,227.26,227.25,228.98 x 800,229.00 x 900,28071275
2-10-2018  10:12:48,2-10-2018  10:12:48,228.7171,227.26,227.25,228.9800 x 800,229.0000 x 900,28071275
2-10-2018  10:13:4,2-10-2018  10:13:4,228.66,227.26,227.25,228.98 x 800,229.00 x 900,28071275
2-10-2018  10:13:20,2-10-2018  10:13:20,228.6901,227.26,227.25,229.1100 x 800,229.1600 x 900,28071275
2-10-2018  10:13:36,2-10-2018  10:13:36,228.59,227.26,227.25,229.11 x 800,229.16 x 900,28071275
2-10-2018  10:13:52,2-10-2018  10:13:52,228.62,227.26,227.25,229.11 x 800,229.16 x 900,28071275
2-10-2018  10:14:8,2-10-2018  10:14:8,228.7301,227.26,227.25,229.2000 x 800,229.2400 x 900,28071275
2-10-2018  10:14:24,2-10-2018  10:14:24,228.84,227.26,227.25,229.20 x 800,229.24 x 900,28071275
2-10-2018  10:14:40,2-10-2018  10:14:40,228.85,227.26,227.25,229.20 x 800,229.24 x 900,28071275
2-10-2018  10:14:55,2-10-2018  10:14:55,228.842,227.26,227.25,229.230 x 800,229.240 x 900,28071275
2-10-2018  10:15:11,2-10-2018  10:15:11,228.81,227.26,227.25,229.2300 x 800,229.2400 x 900,28071275
2-10-2018  10:15:28,2-10-2018  10:15:28,228.78,227.26,227.25,229.23 x 800,229.24 x 900,28071275
2-10-2018  10:15:43,2-10-2018  10:15:43,228.8,227.26,227.25,229.15 x 800,229.15 x 900,28071275
2-10-2018  10:16:0,2-10-2018  10:16:0,228.79,227.26,227.25,229.15 x 800,229.15 x 900,28071275
2-10-2018  10:16:15,2-10-2018  10:16:15,228.81,227.26,227.25,229.15 x 800,229.15 x 900,28071275
2-10-2018  10:16:31,2-10-2018  10:16:31,228.84,227.26,227.25,229.16 x 800,229.17 x 900,28071275
2-10-2018  10:16:48,2-10-2018  10:16:48,228.67,227.26,227.25,229.16 x 800,229.17 x 900,28071275
2-10-2018  10:17:4,2-10-2018  10:17:4,228.61,227.26,227.25,229.1600 x 800,229.1700 x 900,28071275
2-10-2018  10:17:19,2-10-2018  10:17:19,228.58,227.26,227.25,229.33 x 800,229.35 x 900,28071275
2-10-2018  10:17:36,2-10-2018  10:17:36,228.68,227.26,227.25,229.330 x 800,229.350 x 900,28071275
2-10-2018  10:17:52,2-10-2018  10:17:52,228.64,227.26,227.25,229.21 x 800,229.21 x 900,28071275
2-10-2018  10:18:7,2-10-2018  10:18:7,228.66,227.26,227.25,229.21 x 800,229.21 x 900,28071275
2-10-2018  10:18:23,2-10-2018  10:18:23,228.59,227.26,227.25,229.21 x 800,229.21 x 900,28071275
2-10-2018  10:18:39,2-10-2018  10:18:39,228.67,227.26,227.25,229.15 x 800,229.14 x 900,28071275
2-10-2018  10:18:54,2-10-2018  10:18:54,228.68,227.26,227.25,229.150 x 800,229.140 x 900,28071275
2-10-2018  10:19:11,2-10-2018  10:19:11,228.7,227.26,227.25,229.15 x 800,229.14 x 900,28071275
2-10-2018  10:19:27,2-10-2018  10:19:27,228.73,227.26,227.25,229.10 x 800,229.09 x 900,28071275
2-10-2018  10:19:42,2-10-2018  10:19:42,228.65,227.26,227.25,229.10 x 800,229.09 x 900,28071275
2-10-2018  10:19:58,2-10-2018  10:19:58,228.71599999999998,227.26,227.25,229.100 x 800,229.090 x 900,28071275
2-10-2018  10:20:14,2-10-2018  10:20:14,228.74,227.26,227.25,228.93 x 800,228.96 x 900,28071275
2-10-2018  10:20:30,2-10-2018  10:20:30,228.8402,227.26,227.25,228.9300 x 800,228.9600 x 900,28071275
2-10-2018  10:20:46,2-10-2018  10:20:46,228.82,227.26,227.25,228.93 x 800,228.96 x 900,28071275
2-10-2018  10:21:2,2-10-2018  10:21:2,228.83,227.26,227.25,228.95 x 800,228.98 x 900,28071275
2-10-2018  10:21:18,2-10-2018  10:21:18,228.81,227.26,227.25,228.95 x 800,228.98 x 900,28071275
2-10-2018  10:21:34,2-10-2018  10:21:34,228.79,227.26,227.25,228.95 x 800,228.98 x 900,28071275
2-10-2018  10:21:50,2-10-2018  10:21:50,228.71,227.26,227.25,229.02 x 800,228.98 x 900,28071275
2-10-2018  10:22:5,2-10-2018  10:22:5,228.77,227.26,227.25,229.02 x 800,229.01 x 900,28071275
2-10-2018  10:22:21,2-10-2018  10:22:21,228.58,227.26,227.25,229.02 x 800,229.01 x 900,28071275
2-10-2018  10:22:37,2-10-2018  10:22:37,228.6874,227.26,227.25,229.0600 x 800,229.0100 x 900,28071275
2-10-2018  10:22:53,2-10-2018  10:22:53,228.67,227.26,227.25,229.06 x 800,229.05 x 900,28071275
2-10-2018  10:23:8,2-10-2018  10:23:8,228.72,227.26,227.25,229.06 x 800,229.05 x 900,28071275
2-10-2018  10:23:24,2-10-2018  10:23:24,228.75,227.26,227.25,228.95 x 1200,229.05 x 900,28071275
2-10-2018  10:23:40,2-10-2018  10:23:40,228.72,227.26,227.25,228.95 x 1200,228.97 x 900,28071275
2-10-2018  10:23:56,2-10-2018  10:23:56,228.82,227.26,227.25,228.95 x 1200,228.97 x 900,28071275
2-10-2018  10:24:12,2-10-2018  10:24:12,228.83,227.26,227.25,228.84 x 1200,228.97 x 900,28071275
2-10-2018  10:24:28,2-10-2018  10:24:28,228.8,227.26,227.25,228.84 x 1200,228.92 x 900,28071275
2-10-2018  10:24:43,2-10-2018  10:24:43,228.8,227.26,227.25,228.84 x 1200,228.92 x 900,28071275
2-10-2018  10:24:59,2-10-2018  10:24:59,228.8,227.26,227.25,228.77 x 1200,228.87 x 900,28071275
2-10-2018  10:25:15,2-10-2018  10:25:15,228.82,227.26,227.25,228.77 x 1200,228.87 x 900,28071275
2-10-2018  10:25:31,2-10-2018  10:25:31,228.74,227.26,227.25,228.82 x 1200,228.87 x 900,28071275
2-10-2018  10:25:47,2-10-2018  10:25:47,228.79,227.26,227.25,228.82 x 1200,228.83 x 900,28071275
2-10-2018  10:26:3,2-10-2018  10:26:3,228.8,227.26,227.25,228.82 x 1200,228.83 x 900,28071275
2-10-2018  10:26:18,2-10-2018  10:26:18,228.9401,227.26,227.25,228.7800 x 1200,228.8300 x 900,28071275
2-10-2018  10:26:35,2-10-2018  10:26:35,228.98,227.26,227.25,228.78 x 1200,228.85 x 900,28071275
2-10-2018  10:26:51,2-10-2018  10:26:51,228.98,227.26,227.25,228.78 x 1200,228.85 x 900,28071275
2-10-2018  10:27:6,2-10-2018  10:27:6,228.87,227.26,227.25,228.69 x 1200,228.85 x 900,28071275
2-10-2018  10:27:23,2-10-2018  10:27:23,228.99,227.26,227.25,228.69 x 1200,228.71 x 900,28071275
2-10-2018  10:27:39,2-10-2018  10:27:39,228.98,227.26,227.25,228.69 x 1200,228.71 x 900,28071275
2-10-2018  10:27:54,2-10-2018  10:27:54,229.07,227.26,227.25,228.70 x 1200,228.71 x 900,28071275
2-10-2018  10:28:10,2-10-2018  10:28:10,229.17,227.26,227.25,228.70 x 1200,228.72 x 900,28071275
2-10-2018  10:28:26,2-10-2018  10:28:26,229.23,227.26,227.25,228.70 x 1200,228.72 x 900,28071275
2-10-2018  10:28:42,2-10-2018  10:28:42,229.15,227.26,227.25,228.59 x 1200,228.72 x 900,28071275
2-10-2018  10:28:58,2-10-2018  10:28:58,229.17,227.26,227.25,228.59 x 1200,228.64 x 900,28071275
2-10-2018  10:29:15,2-10-2018  10:29:15,229.08,227.26,227.25,228.59 x 1200,228.64 x 900,28071275
2-10-2018  10:29:31,2-10-2018  10:29:31,229.08,227.26,227.25,228.84 x 1200,228.64 x 900,28071275
2-10-2018  10:29:47,2-10-2018  10:29:47,229.0,227.26,227.25,228.84 x 1200,228.85 x 900,28071275
2-10-2018  10:30:3,2-10-2018  10:30:3,229.025,227.26,227.25,228.8400 x 1200,228.8500 x 900,28071275
2-10-2018  10:30:18,2-10-2018  10:30:18,229.0689,227.26,227.25,228.8000 x 1200,228.8300 x 900,28071275
2-10-2018  10:30:35,2-10-2018  10:30:35,228.93,227.26,227.25,228.80 x 1200,228.83 x 900,28071275
2-10-2018  10:30:51,2-10-2018  10:30:51,228.94,227.26,227.25,228.80 x 1200,228.83 x 900,28071275
2-10-2018  10:31:7,2-10-2018  10:31:7,228.89,227.26,227.25,228.77 x 1200,228.83 x 900,28071275
2-10-2018  10:31:23,2-10-2018  10:31:23,229.0345,227.26,227.25,228.7700 x 1200,228.8300 x 900,28071275
2-10-2018  10:31:39,2-10-2018  10:31:39,229.07,227.26,227.25,228.77 x 1200,228.83 x 900,28071275
2-10-2018  10:31:55,2-10-2018  10:31:55,229.095,227.26,227.25,228.760 x 1200,228.690 x 900,28071275
2-10-2018  10:32:10,2-10-2018  10:32:10,229.02,227.26,227.25,228.76 x 1200,228.69 x 900,28071275
2-10-2018  10:32:26,2-10-2018  10:32:26,228.98,227.26,227.25,228.76 x 1200,228.69 x 900,28071275
2-10-2018  10:32:42,2-10-2018  10:32:42,228.95,227.26,227.25,228.65 x 1200,228.70 x 900,28071275
2-10-2018  10:32:58,2-10-2018  10:32:58,228.98,227.26,227.25,228.65 x 1200,228.70 x 900,28071275
2-10-2018  10:33:14,2-10-2018  10:33:14,229.1652,227.26,227.25,228.6500 x 1200,228.7000 x 900,28071275
2-10-2018  10:33:30,2-10-2018  10:33:30,229.2,227.26,227.25,228.6500 x 1200,228.6100 x 900,28071275
2-10-2018  10:33:46,2-10-2018  10:33:46,229.14,227.26,227.25,228.65 x 1200,228.61 x 900,28071275
2-10-2018  10:34:2,2-10-2018  10:34:2,229.15,227.26,227.25,228.65 x 1200,228.61 x 900,28071275
2-10-2018  10:34:18,2-10-2018  10:34:18,229.25,227.26,227.25,228.6800 x 1200,228.6900 x 900,28071275
2-10-2018  10:34:34,2-10-2018  10:34:34,229.31,227.26,227.25,228.680 x 1200,228.690 x 900,28071275
2-10-2018  10:34:50,2-10-2018  10:34:50,229.2979,227.26,227.25,228.6600 x 900,228.6900 x 900,28071275
2-10-2018  10:35:6,2-10-2018  10:35:6,229.33,227.26,227.25,228.660 x 900,228.720 x 900,28071275
2-10-2018  10:35:21,2-10-2018  10:35:21,229.25,227.26,227.25,228.66 x 900,228.72 x 900,28071275
2-10-2018  10:35:37,2-10-2018  10:35:37,229.28,227.26,227.25,228.82 x 900,228.72 x 900,28071275
2-10-2018  10:35:53,2-10-2018  10:35:53,229.299,227.26,227.25,228.820 x 900,228.830 x 900,28071275
2-10-2018  10:36:9,2-10-2018  10:36:9,229.2511,227.26,227.25,228.82 x 900,228.83 x 900,28071275
2-10-2018  10:36:25,2-10-2018  10:36:25,229.22,227.26,227.25,228.80 x 900,228.83 x 900,28071275
2-10-2018  10:36:40,2-10-2018  10:36:40,229.15,227.26,227.25,228.80 x 900,228.77 x 900,28071275
2-10-2018  10:36:57,2-10-2018  10:36:57,229.24,227.26,227.25,228.80 x 900,228.77 x 900,28071275
2-10-2018  10:37:12,2-10-2018  10:37:12,229.08,227.26,227.25,228.75 x 900,228.77 x 900,28071275
2-10-2018  10:37:28,2-10-2018  10:37:28,229.0,227.26,227.25,228.75 x 900,228.72 x 900,28071275
2-10-2018  10:37:44,2-10-2018  10:37:44,228.99,227.26,227.25,228.75 x 900,228.72 x 900,28071275
2-10-2018  10:38:0,2-10-2018  10:38:0,228.91,227.26,227.25,228.67 x 900,228.72 x 900,28071275
2-10-2018  10:38:16,2-10-2018  10:38:16,229.0,227.26,227.25,228.67 x 900,228.74 x 1100,28071275
2-10-2018  10:38:32,2-10-2018  10:38:32,228.935,227.26,227.25,228.67 x 900,228.74 x 1100,28071275
2-10-2018  10:38:48,2-10-2018  10:38:48,228.96,227.26,227.25,228.67 x 900,228.74 x 1100,28071275
2-10-2018  10:39:4,2-10-2018  10:39:4,228.9005,227.26,227.25,228.7000 x 900,228.7200 x 1100,28071275
2-10-2018  10:39:19,2-10-2018  10:39:19,228.96,227.26,227.25,228.7000 x 900,228.7200 x 1100,28071275
2-10-2018  10:39:35,2-10-2018  10:39:35,228.95,227.26,227.25,228.81 x 900,228.79 x 1100,28071275
2-10-2018  10:39:51,2-10-2018  10:39:51,228.85,227.26,227.25,228.81 x 900,228.79 x 1100,28071275
2-10-2018  10:40:7,2-10-2018  10:40:7,228.95,227.26,227.25,228.81 x 900,228.79 x 1100,28071275
2-10-2018  10:40:23,2-10-2018  10:40:23,228.92,227.26,227.25,228.77 x 900,228.83 x 1100,28071275
2-10-2018  10:40:39,2-10-2018  10:40:39,228.8,227.26,227.25,228.77 x 900,228.83 x 1100,28071275
2-10-2018  10:40:55,2-10-2018  10:40:55,228.88,227.26,227.25,228.77 x 900,228.83 x 1100,28071275
2-10-2018  10:41:11,2-10-2018  10:41:11,228.93,227.26,227.25,228.81 x 900,228.84 x 1100,28071275
2-10-2018  10:41:27,2-10-2018  10:41:27,228.93,227.26,227.25,228.810 x 900,228.840 x 1100,28071275
2-10-2018  10:41:43,2-10-2018  10:41:43,228.92,227.26,227.25,228.94 x 900,228.84 x 1100,28071275
2-10-2018  10:41:59,2-10-2018  10:41:59,228.92,227.26,227.25,228.94 x 900,228.98 x 1100,28071275
2-10-2018  10:42:15,2-10-2018  10:42:15,228.92,227.26,227.25,228.94 x 900,228.98 x 1100,28071275
2-10-2018  10:42:31,2-10-2018  10:42:31,228.9,227.26,227.25,229.00 x 900,228.98 x 1100,28071275
2-10-2018  10:42:47,2-10-2018  10:42:47,228.88,227.26,227.25,229.00 x 900,228.99 x 1100,28071275
2-10-2018  10:43:3,2-10-2018  10:43:3,228.9,227.26,227.25,229.00 x 900,228.99 x 1100,28071275
2-10-2018  10:43:18,2-10-2018  10:43:18,228.82,227.26,227.25,229.17 x 900,228.99 x 1100,28071275
2-10-2018  10:43:34,2-10-2018  10:43:34,228.81,227.26,227.25,229.17 x 900,229.24 x 1100,28071275
2-10-2018  10:43:50,2-10-2018  10:43:50,228.71,227.26,227.25,229.17 x 900,229.24 x 1100,28071275
2-10-2018  10:44:6,2-10-2018  10:44:6,228.69,227.26,227.25,229.18 x 900,229.24 x 1100,28071275
2-10-2018  10:44:22,2-10-2018  10:44:22,228.75,227.26,227.25,229.18 x 900,229.05 x 1100,28071275
2-10-2018  10:44:38,2-10-2018  10:44:38,228.74,227.26,227.25,229.18 x 900,229.05 x 1100,28071275
2-10-2018  10:44:54,2-10-2018  10:44:54,228.717,227.26,227.25,229.020 x 900,229.050 x 1100,28071275
2-10-2018  10:45:10,2-10-2018  10:45:10,228.37,227.26,227.25,229.02 x 900,229.03 x 1100,28071275
2-10-2018  10:45:26,2-10-2018  10:45:26,228.53,227.26,227.25,229.02 x 900,229.03 x 1100,28071275
2-10-2018  10:45:42,2-10-2018  10:45:42,228.5901,227.26,227.25,229.0900 x 900,229.0300 x 1100,28071275
2-10-2018  10:45:58,2-10-2018  10:45:58,228.65,227.26,227.25,229.09 x 900,228.92 x 1100,28071275
2-10-2018  10:46:14,2-10-2018  10:46:14,228.66,227.26,227.25,229.09 x 900,228.92 x 1100,28071275
2-10-2018  10:46:30,2-10-2018  10:46:30,228.75,227.26,227.25,228.91 x 900,228.92 x 1100,28071275
2-10-2018  10:46:46,2-10-2018  10:46:46,228.76,227.26,227.25,228.91 x 900,229.09 x 1100,28071275
2-10-2018  10:47:1,2-10-2018  10:47:1,228.79,227.26,227.25,228.91 x 900,229.09 x 1100,28071275
2-10-2018  10:47:18,2-10-2018  10:47:18,228.8,227.26,227.25,229.07 x 900,229.05 x 1100,28071275
2-10-2018  10:47:33,2-10-2018  10:47:33,228.79,227.26,227.25,229.07 x 900,229.05 x 1100,28071275
2-10-2018  10:47:49,2-10-2018  10:47:49,228.855,227.26,227.25,229.07 x 900,229.05 x 1100,28071275
2-10-2018  10:48:5,2-10-2018  10:48:5,228.87,227.26,227.25,228.91 x 900,229.06 x 1100,28071275
2-10-2018  10:48:21,2-10-2018  10:48:21,228.97,227.26,227.25,228.91 x 900,229.06 x 1100,28071275
2-10-2018  10:48:37,2-10-2018  10:48:37,229.0,227.26,227.25,228.91 x 900,229.06 x 1100,28071275
2-10-2018  10:48:53,2-10-2018  10:48:53,228.97,227.26,227.25,229.14 x 900,229.18 x 1100,28071275
2-10-2018  10:49:8,2-10-2018  10:49:8,229.08,227.26,227.25,229.14 x 900,229.18 x 1100,28071275
2-10-2018  10:49:24,2-10-2018  10:49:24,229.14,227.26,227.25,229.1400 x 900,229.1800 x 1100,28071275
2-10-2018  10:49:40,2-10-2018  10:49:40,229.26,227.26,227.25,229.26 x 900,229.34 x 1100,28071275
2-10-2018  10:49:56,2-10-2018  10:49:56,229.2313,227.26,227.25,229.2600 x 900,229.3400 x 1100,28071275
2-10-2018  10:50:12,2-10-2018  10:50:12,229.2105,227.26,227.25,229.33 x 900,229.34 x 1100,28071275
2-10-2018  10:50:28,2-10-2018  10:50:28,229.145,227.26,227.25,229.330 x 900,229.280 x 1100,28071275
2-10-2018  10:50:44,2-10-2018  10:50:44,229.19,227.26,227.25,229.33 x 900,229.28 x 1100,28071275
2-10-2018  10:51:0,2-10-2018  10:51:0,229.26,227.26,227.25,229.29 x 900,229.28 x 1100,28071275
2-10-2018  10:51:16,2-10-2018  10:51:16,229.26,227.26,227.25,229.29 x 900,229.23 x 1100,28071275
2-10-2018  10:51:32,2-10-2018  10:51:32,229.25,227.26,227.25,229.29 x 900,229.23 x 1100,28071275
2-10-2018  10:51:48,2-10-2018  10:51:48,229.21,227.26,227.25,229.16 x 900,229.23 x 1100,28071275
2-10-2018  10:52:4,2-10-2018  10:52:4,229.23,227.26,227.25,229.16 x 900,229.23 x 1100,28071275
2-10-2018  10:52:20,2-10-2018  10:52:20,229.19,227.26,227.25,229.16 x 900,229.23 x 1100,28071275
2-10-2018  10:52:36,2-10-2018  10:52:36,229.15,227.26,227.25,229.04 x 900,229.23 x 1100,28071275
2-10-2018  10:52:52,2-10-2018  10:52:52,229.148,227.26,227.25,229.040 x 900,228.970 x 1100,28071275
2-10-2018  10:53:8,2-10-2018  10:53:8,229.13,227.26,227.25,229.0400 x 900,228.9700 x 1100,28071275
2-10-2018  10:53:23,2-10-2018  10:53:23,229.08,227.26,227.25,228.95 x 900,228.97 x 1100,28071275
2-10-2018  10:53:39,2-10-2018  10:53:39,229.1138,227.26,227.25,228.9500 x 900,229.0100 x 1100,28071275
2-10-2018  10:53:55,2-10-2018  10:53:55,229.04,227.26,227.25,228.95 x 900,229.01 x 1100,28071275
2-10-2018  10:54:11,2-10-2018  10:54:11,229.05,227.26,227.25,228.93 x 900,229.01 x 1100,28071275
2-10-2018  10:54:27,2-10-2018  10:54:27,229.09,227.26,227.25,228.93 x 900,228.87 x 1100,28071275
2-10-2018  10:54:43,2-10-2018  10:54:43,229.09,227.26,227.25,228.93 x 900,228.87 x 1100,28071275
2-10-2018  10:54:58,2-10-2018  10:54:58,229.08,227.26,227.25,228.96 x 900,228.87 x 1100,28071275
2-10-2018  10:55:15,2-10-2018  10:55:15,229.08,227.26,227.25,228.96 x 900,228.89 x 1100,28071275
2-10-2018  10:55:31,2-10-2018  10:55:31,229.0299,227.26,227.25,228.9600 x 900,228.8900 x 1100,28071275
2-10-2018  10:55:47,2-10-2018  10:55:47,229.02,227.26,227.25,228.88 x 900,228.84 x 1100,28071275
2-10-2018  10:56:2,2-10-2018  10:56:2,229.0649,227.26,227.25,228.8800 x 900,228.8400 x 1100,28071275
2-10-2018  10:56:18,2-10-2018  10:56:18,229.1,227.26,227.25,228.88 x 900,228.84 x 1100,28071275
2-10-2018  10:56:34,2-10-2018  10:56:34,229.04,227.26,227.25,228.92 x 900,228.90 x 1100,28071275
2-10-2018  10:56:50,2-10-2018  10:56:50,229.01,227.26,227.25,228.92 x 900,228.90 x 1100,28071275
2-10-2018  10:57:6,2-10-2018  10:57:6,229.08,227.26,227.25,228.92 x 900,228.90 x 1100,28071275
2-10-2018  10:57:22,2-10-2018  10:57:22,229.15,227.26,227.25,228.94 x 900,228.92 x 1100,28071275
2-10-2018  10:57:38,2-10-2018  10:57:38,229.08,227.26,227.25,228.9400 x 900,228.9200 x 1100,28071275
2-10-2018  10:57:54,2-10-2018  10:57:54,229.111,227.26,227.25,228.940 x 900,228.920 x 1100,28071275
2-10-2018  10:58:10,2-10-2018  10:58:10,229.16,227.26,227.25,228.8900 x 900,228.9200 x 1100,28071275
2-10-2018  10:58:26,2-10-2018  10:58:26,229.13299999999998,227.26,227.25,228.890 x 900,228.920 x 1100,28071275
2-10-2018  10:58:41,2-10-2018  10:58:41,229.13,227.26,227.25,228.89 x 900,228.92 x 1100,28071275
2-10-2018  10:58:57,2-10-2018  10:58:57,229.14,227.26,227.25,228.73 x 900,228.68 x 1100,28071275
2-10-2018  10:59:13,2-10-2018  10:59:13,229.11,227.26,227.25,228.73 x 900,228.68 x 1100,28071275
2-10-2018  10:59:29,2-10-2018  10:59:29,229.12,227.26,227.25,228.71 x 900,228.68 x 1100,28071275
2-10-2018  10:59:45,2-10-2018  10:59:45,229.09,227.26,227.25,228.71 x 900,228.73 x 1100,28071275
2-10-2018  11:0:1,2-10-2018  11:0:1,229.09,227.26,227.25,228.71 x 900,228.73 x 1100,28071275
2-10-2018  11:0:17,2-10-2018  11:0:17,229.15,227.26,227.25,228.37 x 900,228.73 x 1100,28071275
2-10-2018  11:0:33,2-10-2018  11:0:33,229.16,227.26,227.25,228.37 x 900,228.55 x 1100,28071275
2-10-2018  11:0:49,2-10-2018  11:0:49,229.1,227.26,227.25,228.37 x 900,228.55 x 1100,28071275
2-10-2018  11:1:5,2-10-2018  11:1:5,228.98,227.26,227.25,228.64 x 900,228.55 x 1100,28071275
2-10-2018  11:1:21,2-10-2018  11:1:21,228.97,227.26,227.25,228.64 x 900,228.66 x 1100,28071275
2-10-2018  11:1:37,2-10-2018  11:1:37,228.9799,227.26,227.25,228.6400 x 900,228.6600 x 1100,28071275
2-10-2018  11:1:53,2-10-2018  11:1:53,228.97,227.26,227.25,228.74 x 900,228.66 x 1100,28071275
2-10-2018  11:2:9,2-10-2018  11:2:9,228.99,227.26,227.25,228.74 x 900,228.66 x 1100,28071275
2-10-2018  11:2:25,2-10-2018  11:2:25,228.9356,227.26,227.25,228.7400 x 900,228.8100 x 1100,28071275
2-10-2018  11:2:40,2-10-2018  11:2:40,228.93,227.26,227.25,228.78 x 900,228.81 x 1100,28071275
2-10-2018  11:2:56,2-10-2018  11:2:56,228.92,227.26,227.25,228.78 x 900,228.81 x 1100,28071275
2-10-2018  11:3:12,2-10-2018  11:3:12,228.8497,227.26,227.25,228.78 x 900,228.81 x 1100,28071275
2-10-2018  11:3:28,2-10-2018  11:3:28,228.8,227.26,227.25,228.96 x 900,228.81 x 1100,28071275
2-10-2018  11:3:44,2-10-2018  11:3:44,228.83,227.26,227.25,228.96 x 900,229.01 x 1100,28071275
2-10-2018  11:4:0,2-10-2018  11:4:0,228.82,227.26,227.25,228.96 x 900,229.01 x 1100,28071275
2-10-2018  11:4:16,2-10-2018  11:4:16,228.82,227.26,227.25,229.02 x 900,229.01 x 1100,28071275
2-10-2018  11:4:32,2-10-2018  11:4:32,228.79,227.26,227.25,229.02 x 900,229.11 x 1100,28071275
2-10-2018  11:4:47,2-10-2018  11:4:47,228.78,227.26,227.25,229.02 x 900,229.11 x 1100,28071275
2-10-2018  11:5:3,2-10-2018  11:5:3,228.81,227.26,227.25,229.24 x 900,229.11 x 1100,28071275
2-10-2018  11:5:19,2-10-2018  11:5:19,228.77,227.26,227.25,229.24 x 900,229.25 x 1100,28071275
2-10-2018  11:5:35,2-10-2018  11:5:35,228.76,227.26,227.25,229.24 x 900,229.25 x 1100,28071275
2-10-2018  11:5:51,2-10-2018  11:5:51,228.89,227.26,227.25,229.13 x 900,229.25 x 1100,28071275
2-10-2018  11:6:7,2-10-2018  11:6:7,228.85,227.26,227.25,229.13 x 900,229.22 x 1100,28071275
2-10-2018  11:6:23,2-10-2018  11:6:23,228.8234,227.26,227.25,229.2700 x 900,229.2200 x 1100,28071275
2-10-2018  11:6:39,2-10-2018  11:6:39,228.83,227.26,227.25,229.27 x 900,229.30 x 1100,28071275
2-10-2018  11:6:55,2-10-2018  11:6:55,228.89,227.26,227.25,229.27 x 900,229.30 x 1100,28071275
2-10-2018  11:7:11,2-10-2018  11:7:11,228.83,227.26,227.25,229.18 x 900,229.30 x 1100,28071275
2-10-2018  11:7:27,2-10-2018  11:7:27,228.94,227.26,227.25,229.1800 x 900,229.3000 x 1100,28071275
2-10-2018  11:7:43,2-10-2018  11:7:43,228.9135,227.26,227.25,229.1800 x 900,229.1600 x 1100,28071275
2-10-2018  11:7:58,2-10-2018  11:7:58,228.9569,227.26,227.25,229.1400 x 900,229.1600 x 1100,28071275
2-10-2018  11:8:14,2-10-2018  11:8:14,229.02,227.26,227.25,229.14 x 900,229.10 x 1100,28071275
2-10-2018  11:8:30,2-10-2018  11:8:30,228.9782,227.26,227.25,229.1400 x 900,229.1000 x 1100,28071275
2-10-2018  11:8:46,2-10-2018  11:8:46,229.0,227.26,227.25,229.11 x 900,229.10 x 1100,28071275
2-10-2018  11:9:3,2-10-2018  11:9:3,228.98,227.26,227.25,229.11 x 900,229.06 x 1100,28071275
2-10-2018  11:9:18,2-10-2018  11:9:18,229.0115,227.26,227.25,229.1100 x 900,229.0600 x 1100,28071275
2-10-2018  11:9:34,2-10-2018  11:9:34,228.99,227.26,227.25,229.0800 x 900,229.0600 x 1100,28071275
2-10-2018  11:9:50,2-10-2018  11:9:50,229.02,227.26,227.25,229.0800 x 900,229.0800 x 1100,28071275
2-10-2018  11:10:6,2-10-2018  11:10:6,229.02,227.26,227.25,229.08 x 900,229.08 x 1100,28071275
2-10-2018  11:10:22,2-10-2018  11:10:22,228.96,227.26,227.25,229.06 x 900,229.08 x 1100,28071275
2-10-2018  11:10:38,2-10-2018  11:10:38,228.86,227.26,227.25,229.06 x 900,229.02 x 1100,28071275
2-10-2018  11:10:54,2-10-2018  11:10:54,228.9,227.26,227.25,229.06 x 900,229.02 x 1100,28071275
2-10-2018  11:11:9,2-10-2018  11:11:9,228.92,227.26,227.25,229.04 x 900,229.02 x 1100,28071275
2-10-2018  11:11:25,2-10-2018  11:11:25,228.93,227.26,227.25,229.04 x 900,229.10 x 1100,28071275
2-10-2018  11:11:41,2-10-2018  11:11:41,228.98,227.26,227.25,229.04 x 900,229.10 x 1100,28071275
2-10-2018  11:11:57,2-10-2018  11:11:57,228.97,227.26,227.25,229.01 x 900,229.10 x 1100,28071275
2-10-2018  11:12:13,2-10-2018  11:12:13,229.01,227.26,227.25,229.0100 x 900,229.0700 x 1100,28071275
2-10-2018  11:12:29,2-10-2018  11:12:29,228.94,227.26,227.25,229.01 x 900,229.07 x 1100,28071275
2-10-2018  11:12:45,2-10-2018  11:12:45,228.9401,227.26,227.25,229.0700 x 900,229.0700 x 1100,28071275
2-10-2018  11:13:1,2-10-2018  11:13:1,228.97,227.26,227.25,229.07 x 900,229.12 x 1100,28071275
2-10-2018  11:13:16,2-10-2018  11:13:16,229.02,227.26,227.25,229.07 x 900,229.12 x 1100,28071275
2-10-2018  11:13:33,2-10-2018  11:13:33,229.01,227.26,227.25,229.13 x 900,229.12 x 1100,28071275
2-10-2018  11:13:49,2-10-2018  11:13:49,228.99,227.26,227.25,229.13 x 900,229.14 x 1100,28071275
2-10-2018  11:14:5,2-10-2018  11:14:5,229.02,227.26,227.25,229.12 x 900,229.14 x 1100,28071275
2-10-2018  11:14:21,2-10-2018  11:14:21,229.01,227.26,227.25,229.12 x 900,229.14 x 1100,28071275
2-10-2018  11:14:36,2-10-2018  11:14:36,228.99,227.26,227.25,229.12 x 900,229.12 x 1100,28071275
2-10-2018  11:14:52,2-10-2018  11:14:52,229.03,227.26,227.25,229.12 x 900,229.12 x 1100,28071275
2-10-2018  11:15:8,2-10-2018  11:15:8,229.05,227.26,227.25,229.08 x 900,229.12 x 1100,28071275
2-10-2018  11:15:24,2-10-2018  11:15:24,229.08,227.26,227.25,229.08 x 900,229.12 x 1100,28071275
2-10-2018  11:15:39,2-10-2018  11:15:39,229.0265,227.26,227.25,229.0800 x 900,229.1200 x 1100,28071275
2-10-2018  11:15:55,2-10-2018  11:15:55,229.03,227.26,227.25,229.15 x 900,229.12 x 1100,28071275
2-10-2018  11:16:11,2-10-2018  11:16:11,229.05,227.26,227.25,229.15 x 900,229.08 x 800,28071275
2-10-2018  11:16:27,2-10-2018  11:16:27,229.02,227.26,227.25,228.97 x 900,229.08 x 800,28071275
2-10-2018  11:16:43,2-10-2018  11:16:43,229.03,227.26,227.25,228.97 x 900,228.99 x 800,28071275
2-10-2018  11:16:59,2-10-2018  11:16:59,229.01,227.26,227.25,228.97 x 900,228.99 x 800,28071275
2-10-2018  11:17:15,2-10-2018  11:17:15,228.96,227.26,227.25,228.97 x 900,228.99 x 800,28071275
2-10-2018  11:17:31,2-10-2018  11:17:31,229.03,227.26,227.25,228.96 x 900,228.99 x 800,28071275
2-10-2018  11:17:46,2-10-2018  11:17:46,229.01,227.26,227.25,228.96 x 900,228.92 x 800,28071275
2-10-2018  11:18:2,2-10-2018  11:18:2,228.93,227.26,227.25,228.92 x 900,228.92 x 800,28071275
2-10-2018  11:18:18,2-10-2018  11:18:18,228.9199,227.26,227.25,228.9200 x 900,228.9200 x 800,28071275
2-10-2018  11:18:34,2-10-2018  11:18:34,228.9,227.26,227.25,228.92 x 900,228.88 x 800,28071275
2-10-2018  11:18:50,2-10-2018  11:18:50,228.83,227.26,227.25,228.84 x 900,228.88 x 800,28071275
2-10-2018  11:19:5,2-10-2018  11:19:5,228.821,227.26,227.25,228.8400 x 900,228.8800 x 800,28071275
2-10-2018  11:19:21,2-10-2018  11:19:21,228.93200000000002,227.26,227.25,228.840 x 900,228.810 x 800,28071275
2-10-2018  11:19:37,2-10-2018  11:19:37,228.9272,227.26,227.25,228.8400 x 900,228.8100 x 800,28071275
2-10-2018  11:19:52,2-10-2018  11:19:52,228.96,227.26,227.25,228.79 x 900,228.80 x 800,28071275
2-10-2018  11:20:9,2-10-2018  11:20:9,228.95,227.26,227.25,228.79 x 900,228.80 x 800,28071275
2-10-2018  11:20:25,2-10-2018  11:20:25,228.96,227.26,227.25,228.74 x 900,228.80 x 800,28071275
2-10-2018  11:20:40,2-10-2018  11:20:40,228.99,227.26,227.25,228.74 x 900,228.77 x 800,28071275
2-10-2018  11:20:56,2-10-2018  11:20:56,229.02,227.26,227.25,228.74 x 900,228.77 x 800,28071275
2-10-2018  11:21:12,2-10-2018  11:21:12,229.08,227.26,227.25,228.86 x 900,228.77 x 800,28071275
2-10-2018  11:21:28,2-10-2018  11:21:28,229.0557,227.26,227.25,228.8600 x 900,228.8400 x 800,28071275
2-10-2018  11:21:44,2-10-2018  11:21:44,229.09,227.26,227.25,228.86 x 900,228.84 x 800,28071275
2-10-2018  11:22:0,2-10-2018  11:22:0,229.15,227.26,227.25,228.83 x 900,228.84 x 800,28071275
2-10-2018  11:22:15,2-10-2018  11:22:15,229.15,227.26,227.25,228.83 x 900,228.87 x 800,28071275
2-10-2018  11:22:31,2-10-2018  11:22:31,229.19,227.26,227.25,228.8300 x 900,228.8700 x 800,28071275
2-10-2018  11:22:47,2-10-2018  11:22:47,229.28,227.26,227.25,228.9300 x 900,228.8700 x 800,28071275
2-10-2018  11:23:3,2-10-2018  11:23:3,229.29,227.26,227.25,228.93 x 900,228.87 x 800,28071275
2-10-2018  11:23:18,2-10-2018  11:23:18,229.26,227.26,227.25,228.93 x 900,228.95 x 800,28071275
2-10-2018  11:23:34,2-10-2018  11:23:34,229.2799,227.26,227.25,229.0200 x 900,228.9500 x 800,28071275
2-10-2018  11:23:50,2-10-2018  11:23:50,229.32,227.26,227.25,229.02 x 900,229.00 x 800,28071275
2-10-2018  11:24:6,2-10-2018  11:24:6,229.24,227.26,227.25,229.02 x 900,229.00 x 800,28071275
2-10-2018  11:24:22,2-10-2018  11:24:22,229.25,227.26,227.25,228.98 x 900,229.00 x 800,28071275
2-10-2018  11:24:38,2-10-2018  11:24:38,229.27,227.26,227.25,228.98 x 900,229.00 x 800,28071275
2-10-2018  11:24:54,2-10-2018  11:24:54,229.26,227.26,227.25,228.99 x 900,229.00 x 800,28071275
2-10-2018  11:25:10,2-10-2018  11:25:10,229.25,227.26,227.25,228.99 x 900,229.00 x 800,28071275
2-10-2018  11:25:26,2-10-2018  11:25:26,229.21,227.26,227.25,228.99 x 900,229.02 x 800,28071275
2-10-2018  11:25:42,2-10-2018  11:25:42,229.21,227.26,227.25,228.9900 x 900,229.0200 x 800,28071275
2-10-2018  11:25:58,2-10-2018  11:25:58,229.24,227.26,227.25,228.85 x 900,229.02 x 800,28071275
2-10-2018  11:26:13,2-10-2018  11:26:13,229.25,227.26,227.25,228.85 x 900,228.92 x 800,28071275
2-10-2018  11:26:29,2-10-2018  11:26:29,229.22,227.26,227.25,228.85 x 900,228.92 x 800,28071275
2-10-2018  11:26:45,2-10-2018  11:26:45,229.23,227.26,227.25,228.92 x 900,228.92 x 800,28071275
2-10-2018  11:27:1,2-10-2018  11:27:1,229.27,227.26,227.25,228.92 x 900,228.97 x 800,28071275
2-10-2018  11:27:17,2-10-2018  11:27:17,229.28,227.26,227.25,228.92 x 900,228.97 x 800,28071275
2-10-2018  11:27:33,2-10-2018  11:27:33,229.2488,227.26,227.25,229.0100 x 900,228.9700 x 800,28071275
2-10-2018  11:27:49,2-10-2018  11:27:49,229.285,227.26,227.25,229.01 x 900,228.97 x 800,28071275
2-10-2018  11:28:5,2-10-2018  11:28:5,229.31,227.26,227.25,229.01 x 900,228.97 x 800,28071275
2-10-2018  11:28:21,2-10-2018  11:28:21,229.25,227.26,227.25,228.96 x 900,228.97 x 800,28071275
2-10-2018  11:28:36,2-10-2018  11:28:36,229.3,227.26,227.25,228.9600 x 900,228.9700 x 800,28071275
2-10-2018  11:28:52,2-10-2018  11:28:52,229.2099,227.26,227.25,228.9600 x 900,229.0200 x 800,28071275
2-10-2018  11:29:8,2-10-2018  11:29:8,229.27,227.26,227.25,228.98 x 900,229.02 x 800,28071275
2-10-2018  11:29:24,2-10-2018  11:29:24,229.24,227.26,227.25,228.98 x 900,229.02 x 800,28071275
2-10-2018  11:29:40,2-10-2018  11:29:40,229.3,227.26,227.25,229.00 x 900,229.02 x 800,28071275
2-10-2018  11:29:55,2-10-2018  11:29:55,229.3302,227.26,227.25,229.000 x 900,229.020 x 800,28071275
2-10-2018  11:30:11,2-10-2018  11:30:11,229.34,227.26,227.25,229.00 x 900,229.05 x 800,28071275
2-10-2018  11:30:27,2-10-2018  11:30:27,229.29,227.26,227.25,229.07 x 900,229.05 x 800,28071275
2-10-2018  11:30:43,2-10-2018  11:30:43,229.3,227.26,227.25,229.07 x 900,229.05 x 800,28071275
2-10-2018  11:30:58,2-10-2018  11:30:58,229.3,227.26,227.25,229.07 x 900,229.06 x 800,28071275
2-10-2018  11:31:14,2-10-2018  11:31:14,229.35,227.26,227.25,229.07 x 900,229.06 x 800,28071275
2-10-2018  11:31:30,2-10-2018  11:31:30,229.35,227.26,227.25,229.03 x 900,229.06 x 800,28071275
2-10-2018  11:31:46,2-10-2018  11:31:46,229.37,227.26,227.25,229.03 x 900,229.06 x 800,28071275
2-10-2018  11:32:2,2-10-2018  11:32:2,229.4,227.26,227.25,229.01 x 900,229.03 x 800,28071275
2-10-2018  11:32:18,2-10-2018  11:32:18,229.26,227.26,227.25,229.01 x 900,229.03 x 800,28071275
2-10-2018  11:32:34,2-10-2018  11:32:34,229.3746,227.26,227.25,229.0100 x 900,229.0100 x 800,28071275
2-10-2018  11:32:50,2-10-2018  11:32:50,229.41,227.26,227.25,229.01 x 900,229.01 x 800,28071275
2-10-2018  11:33:6,2-10-2018  11:33:6,229.49200000000002,227.26,227.25,229.0100 x 900,229.0100 x 800,28071275
2-10-2018  11:33:21,2-10-2018  11:33:21,229.5254,227.26,227.25,229.0100 x 900,228.9200 x 800,28071275
2-10-2018  11:33:37,2-10-2018  11:33:37,229.5268,227.26,227.25,228.8800 x 900,228.9200 x 800,28071275
2-10-2018  11:33:53,2-10-2018  11:33:53,229.52,227.26,227.25,228.88 x 900,228.92 x 800,28071275
2-10-2018  11:34:8,2-10-2018  11:34:8,229.53,227.26,227.25,228.88 x 900,228.86 x 800,28071275
2-10-2018  11:34:24,2-10-2018  11:34:24,229.5415,227.26,227.25,228.8800 x 900,228.8600 x 800,28071275
2-10-2018  11:34:40,2-10-2018  11:34:40,229.44,227.26,227.25,228.94 x 900,228.86 x 800,28071275
2-10-2018  11:34:56,2-10-2018  11:34:56,229.43,227.26,227.25,228.94 x 900,228.95 x 800,28071275
2-10-2018  11:35:12,2-10-2018  11:35:12,229.44,227.26,227.25,228.94 x 900,228.95 x 800,28071275
2-10-2018  11:35:28,2-10-2018  11:35:28,229.44,227.26,227.25,228.95 x 900,228.95 x 800,28071275
2-10-2018  11:35:43,2-10-2018  11:35:43,229.51,227.26,227.25,228.95 x 900,228.95 x 800,28071275
2-10-2018  11:36:0,2-10-2018  11:36:0,229.51,227.26,227.25,229.02 x 900,228.95 x 800,28071275
2-10-2018  11:36:16,2-10-2018  11:36:16,229.49,227.26,227.25,229.0200 x 900,228.9500 x 800,28071275
2-10-2018  11:36:31,2-10-2018  11:36:31,229.43,227.26,227.25,229.02 x 900,229.09 x 800,28071275
2-10-2018  11:36:47,2-10-2018  11:36:47,229.47,227.26,227.25,229.040 x 900,229.090 x 800,28071275
2-10-2018  11:37:3,2-10-2018  11:37:3,229.42,227.26,227.25,229.04 x 900,229.09 x 800,28071275
2-10-2018  11:37:19,2-10-2018  11:37:19,229.31,227.26,227.25,229.04 x 900,229.16 x 800,28071275
2-10-2018  11:37:35,2-10-2018  11:37:35,229.31,227.26,227.25,229.1400 x 900,229.1600 x 800,28071275
2-10-2018  11:37:51,2-10-2018  11:37:51,229.3,227.26,227.25,229.14 x 900,229.16 x 800,28071275
2-10-2018  11:38:7,2-10-2018  11:38:7,229.29,227.26,227.25,229.14 x 900,229.29 x 800,28071275
2-10-2018  11:38:23,2-10-2018  11:38:23,229.35,227.26,227.25,229.2400 x 900,229.2900 x 800,28071275
2-10-2018  11:38:39,2-10-2018  11:38:39,229.35,227.26,227.25,229.24 x 900,229.31 x 800,28071275
2-10-2018  11:38:55,2-10-2018  11:38:55,229.29,227.26,227.25,229.24 x 900,229.31 x 800,28071275
2-10-2018  11:39:10,2-10-2018  11:39:10,229.3,227.26,227.25,229.32 x 900,229.31 x 800,28071275
2-10-2018  11:39:27,2-10-2018  11:39:27,229.22,227.26,227.25,229.32 x 900,229.31 x 800,28071275
2-10-2018  11:39:42,2-10-2018  11:39:42,229.19,227.26,227.25,229.28 x 900,229.25 x 800,28071275
2-10-2018  11:39:58,2-10-2018  11:39:58,229.17,227.26,227.25,229.28 x 900,229.25 x 800,28071275
2-10-2018  11:40:14,2-10-2018  11:40:14,229.185,227.26,227.25,229.280 x 900,229.250 x 800,28071275
2-10-2018  11:40:30,2-10-2018  11:40:30,229.2,227.26,227.25,229.28 x 900,229.26 x 900,28071275
2-10-2018  11:40:46,2-10-2018  11:40:46,229.16,227.26,227.25,229.20 x 900,229.26 x 900,28071275
2-10-2018  11:41:1,2-10-2018  11:41:1,229.215,227.26,227.25,229.200 x 900,229.260 x 900,28071275
2-10-2018  11:41:18,2-10-2018  11:41:18,229.237,227.26,227.25,229.240 x 900,229.260 x 900,28071275
2-10-2018  11:41:34,2-10-2018  11:41:34,229.26,227.26,227.25,229.24 x 900,229.26 x 900,28071275
2-10-2018  11:41:50,2-10-2018  11:41:50,229.34,227.26,227.25,229.24 x 900,229.22 x 900,28071275
2-10-2018  11:42:6,2-10-2018  11:42:6,229.32,227.26,227.25,229.24 x 900,229.22 x 900,28071275
2-10-2018  11:42:22,2-10-2018  11:42:22,229.29,227.26,227.25,229.24 x 900,229.22 x 900,28071275
2-10-2018  11:42:38,2-10-2018  11:42:38,229.33,227.26,227.25,229.24 x 900,229.26 x 900,28071275
2-10-2018  11:42:54,2-10-2018  11:42:54,229.4,227.26,227.25,229.28 x 800,229.26 x 900,28071275
2-10-2018  11:43:10,2-10-2018  11:43:10,229.38,227.26,227.25,229.28 x 800,229.26 x 900,28071275
2-10-2018  11:43:26,2-10-2018  11:43:26,229.34,227.26,227.25,229.28 x 800,229.31 x 900,28071275
2-10-2018  11:43:42,2-10-2018  11:43:42,229.34,227.26,227.25,229.30 x 800,229.31 x 900,28071275
2-10-2018  11:43:58,2-10-2018  11:43:58,229.3,227.26,227.25,229.30 x 800,229.31 x 900,28071275
2-10-2018  11:44:14,2-10-2018  11:44:14,229.33,227.26,227.25,229.3000 x 800,229.2600 x 900,28071275
2-10-2018  11:44:30,2-10-2018  11:44:30,229.32,227.26,227.25,229.24 x 800,229.26 x 900,28071275
2-10-2018  11:44:46,2-10-2018  11:44:46,229.32,227.26,227.25,229.24 x 800,229.26 x 900,28071275
2-10-2018  11:45:1,2-10-2018  11:45:1,229.32,227.26,227.25,229.24 x 800,229.31 x 900,28071275
2-10-2018  11:45:17,2-10-2018  11:45:17,229.32,227.26,227.25,229.35 x 800,229.31 x 900,28071275
2-10-2018  11:45:33,2-10-2018  11:45:33,229.3,227.26,227.25,229.35 x 800,229.31 x 900,28071275
2-10-2018  11:45:49,2-10-2018  11:45:49,229.335,227.26,227.25,229.350 x 800,229.310 x 900,28071275
2-10-2018  11:46:4,2-10-2018  11:46:4,229.43,227.26,227.25,229.27 x 800,229.31 x 900,28071275
2-10-2018  11:46:20,2-10-2018  11:46:20,229.46,227.26,227.25,229.27 x 800,229.31 x 900,28071275
2-10-2018  11:46:36,2-10-2018  11:46:36,229.54,227.26,227.25,229.34 x 800,229.36 x 900,28071275
2-10-2018  11:46:52,2-10-2018  11:46:52,229.53,227.26,227.25,229.340 x 800,229.360 x 900,28071275
2-10-2018  11:47:8,2-10-2018  11:47:8,229.57,227.26,227.25,229.3400 x 800,229.4400 x 900,28071275
2-10-2018  11:47:23,2-10-2018  11:47:23,229.54,227.26,227.25,229.25 x 800,229.44 x 900,28071275
2-10-2018  11:47:39,2-10-2018  11:47:39,229.57,227.26,227.25,229.25 x 800,229.44 x 900,28071275
2-10-2018  11:47:55,2-10-2018  11:47:55,229.58,227.26,227.25,229.25 x 800,229.43 x 900,28071275
2-10-2018  11:48:11,2-10-2018  11:48:11,229.61,227.26,227.25,229.50 x 800,229.43 x 900,28071275
2-10-2018  11:48:27,2-10-2018  11:48:27,229.56,227.26,227.25,229.50 x 800,229.43 x 900,28071275
2-10-2018  11:48:43,2-10-2018  11:48:43,229.61,227.26,227.25,229.50 x 800,229.43 x 900,28071275
2-10-2018  11:48:59,2-10-2018  11:48:59,229.67,227.26,227.25,229.52 x 800,229.50 x 900,28071275
2-10-2018  11:49:15,2-10-2018  11:49:15,229.6431,227.26,227.25,229.5200 x 800,229.5000 x 900,28071275
2-10-2018  11:49:31,2-10-2018  11:49:31,229.69,227.26,227.25,229.52 x 800,229.48 x 900,28071275
2-10-2018  11:49:46,2-10-2018  11:49:46,229.64,227.26,227.25,229.44 x 800,229.48 x 900,28071275
2-10-2018  11:50:2,2-10-2018  11:50:2,229.68,227.26,227.25,229.44 x 800,229.48 x 900,28071275
2-10-2018  11:50:18,2-10-2018  11:50:18,229.66,227.26,227.25,229.44 x 800,229.48 x 900,28071275
2-10-2018  11:50:34,2-10-2018  11:50:34,229.65,227.26,227.25,229.44 x 800,229.45 x 900,28071275
2-10-2018  11:50:49,2-10-2018  11:50:49,229.67,227.26,227.25,229.44 x 800,229.45 x 900,28071275
2-10-2018  11:51:5,2-10-2018  11:51:5,229.67,227.26,227.25,229.4400 x 800,229.5100 x 900,28071275
2-10-2018  11:51:21,2-10-2018  11:51:21,229.69,227.26,227.25,229.4800 x 800,229.5100 x 900,28071275
2-10-2018  11:51:36,2-10-2018  11:51:36,229.71,227.26,227.25,229.48 x 800,229.51 x 900,28071275
2-10-2018  11:51:52,2-10-2018  11:51:52,229.6,227.26,227.25,229.4800 x 800,229.5100 x 900,28071275
2-10-2018  11:52:8,2-10-2018  11:52:8,229.64,227.26,227.25,229.42 x 800,229.45 x 900,28071275
2-10-2018  11:52:24,2-10-2018  11:52:24,229.6,227.26,227.25,229.42 x 800,229.45 x 900,28071275
2-10-2018  11:52:39,2-10-2018  11:52:39,229.57,227.26,227.25,229.42 x 800,229.45 x 900,28071275
2-10-2018  11:52:55,2-10-2018  11:52:55,229.47,227.26,227.25,229.29 x 800,229.31 x 1000,28071275
2-10-2018  11:53:11,2-10-2018  11:53:11,229.4701,227.26,227.25,229.2900 x 800,229.3100 x 1000,28071275
2-10-2018  11:53:27,2-10-2018  11:53:27,229.52,227.26,227.25,229.2900 x 800,229.3100 x 1000,28071275
2-10-2018  11:53:43,2-10-2018  11:53:43,229.6298,227.26,227.25,229.3500 x 800,229.3700 x 1000,28071275
2-10-2018  11:53:59,2-10-2018  11:53:59,229.5735,227.26,227.25,229.3500 x 800,229.3700 x 1000,28071275
2-10-2018  11:54:15,2-10-2018  11:54:15,229.6,227.26,227.25,229.35 x 800,229.31 x 1000,28071275
2-10-2018  11:54:30,2-10-2018  11:54:30,229.59,227.26,227.25,229.29 x 800,229.31 x 1000,28071275
2-10-2018  11:54:46,2-10-2018  11:54:46,229.62400000000002,227.26,227.25,229.290 x 800,229.310 x 1000,28071275
2-10-2018  11:55:2,2-10-2018  11:55:2,229.63,227.26,227.25,229.29 x 800,229.15 x 1000,28071275
2-10-2018  11:55:18,2-10-2018  11:55:18,229.72,227.26,227.25,229.16 x 800,229.15 x 1000,28071275
2-10-2018  11:55:34,2-10-2018  11:55:34,229.71,227.26,227.25,229.16 x 800,229.15 x 1000,28071275
2-10-2018  11:55:49,2-10-2018  11:55:49,229.7,227.26,227.25,229.16 x 800,229.17 x 1000,28071275
2-10-2018  11:56:5,2-10-2018  11:56:5,229.69,227.26,227.25,229.16 x 800,229.17 x 1000,28071275
2-10-2018  11:56:21,2-10-2018  11:56:21,229.7,227.26,227.25,229.16 x 800,229.17 x 1000,28071275
2-10-2018  11:56:37,2-10-2018  11:56:37,229.74,227.26,227.25,229.25 x 800,229.22 x 1000,28071275
2-10-2018  11:56:53,2-10-2018  11:56:53,229.7249,227.26,227.25,229.2500 x 800,229.2200 x 1000,28071275
2-10-2018  11:57:8,2-10-2018  11:57:8,229.7916,227.26,227.25,229.25 x 800,229.22 x 1000,28071275
2-10-2018  11:57:24,2-10-2018  11:57:24,229.7399,227.26,227.25,229.2500 x 800,229.2200 x 1000,28071275
2-10-2018  11:57:40,2-10-2018  11:57:40,229.73,227.26,227.25,229.28 x 800,229.32 x 1000,28071275
2-10-2018  11:57:56,2-10-2018  11:57:56,229.77,227.26,227.25,229.28 x 800,229.32 x 1000,28071275
2-10-2018  11:58:12,2-10-2018  11:58:12,229.78,227.26,227.25,229.28 x 800,229.42 x 1000,28071275
2-10-2018  11:58:28,2-10-2018  11:58:28,229.81,227.26,227.25,229.36 x 800,229.42 x 1000,28071275
2-10-2018  11:58:44,2-10-2018  11:58:44,229.84,227.26,227.25,229.36 x 800,229.42 x 1000,28071275
2-10-2018  11:59:0,2-10-2018  11:59:0,229.8101,227.26,227.25,229.31 x 800,229.34 x 1000,28071275
2-10-2018  11:59:16,2-10-2018  11:59:16,229.843,227.26,227.25,229.31 x 800,229.34 x 1000,28071275
2-10-2018  11:59:32,2-10-2018  11:59:32,229.83,227.26,227.25,229.31 x 800,229.34 x 1000,28071275
2-10-2018  11:59:48,2-10-2018  11:59:48,229.85,227.26,227.25,229.31 x 800,229.32 x 1000,28071275
2-10-2018  12:0:4,2-10-2018  12:0:4,229.84,227.26,227.25,229.29 x 800,229.32 x 1000,28071275
2-10-2018  12:0:20,2-10-2018  12:0:20,229.82,227.26,227.25,229.29 x 800,229.32 x 1000,28071275
2-10-2018  12:0:36,2-10-2018  12:0:36,229.8116,227.26,227.25,229.29 x 800,229.27 x 1000,28071275
2-10-2018  12:0:52,2-10-2018  12:0:52,229.81,227.26,227.25,229.29 x 800,229.27 x 1000,28071275
2-10-2018  12:1:8,2-10-2018  12:1:8,229.8316,227.26,227.25,229.2900 x 800,229.4300 x 1000,28071275
2-10-2018  12:1:24,2-10-2018  12:1:24,229.86,227.26,227.25,229.45 x 800,229.43 x 1000,28071275
2-10-2018  12:1:40,2-10-2018  12:1:40,229.834,227.26,227.25,229.45 x 800,229.43 x 1000,28071275
2-10-2018  12:1:56,2-10-2018  12:1:56,229.82,227.26,227.25,229.45 x 800,229.53 x 1000,28071275
2-10-2018  12:2:12,2-10-2018  12:2:12,229.8489,227.26,227.25,229.5800 x 800,229.5300 x 1000,28071275
2-10-2018  12:2:28,2-10-2018  12:2:28,229.86,227.26,227.25,229.58 x 800,229.53 x 1000,28071275
2-10-2018  12:2:44,2-10-2018  12:2:44,229.81,227.26,227.25,229.58 x 800,229.58 x 1000,28071275
2-10-2018  12:3:0,2-10-2018  12:3:0,229.8,227.26,227.25,229.60 x 800,229.58 x 1000,28071275
2-10-2018  12:3:16,2-10-2018  12:3:16,229.8222,227.26,227.25,229.6000 x 800,229.5800 x 1000,28071275
2-10-2018  12:3:32,2-10-2018  12:3:32,229.84,227.26,227.25,229.60 x 800,229.60 x 1000,28071275
2-10-2018  12:3:48,2-10-2018  12:3:48,229.8313,227.26,227.25,229.5800 x 800,229.6000 x 1000,28071275
2-10-2018  12:4:4,2-10-2018  12:4:4,229.82,227.26,227.25,229.58 x 800,229.60 x 1000,28071275
2-10-2018  12:4:19,2-10-2018  12:4:19,229.72,227.26,227.25,229.58 x 800,229.68 x 1000,28071275
2-10-2018  12:4:35,2-10-2018  12:4:35,229.81,227.26,227.25,229.64 x 800,229.68 x 1000,28071275
2-10-2018  12:4:51,2-10-2018  12:4:51,229.8,227.26,227.25,229.64 x 800,229.68 x 1000,28071275
2-10-2018  12:5:8,2-10-2018  12:5:8,229.77,227.26,227.25,229.64 x 800,229.69 x 1000,28071275
2-10-2018  12:5:24,2-10-2018  12:5:24,229.773,227.26,227.25,229.660 x 800,229.690 x 1000,28071275
2-10-2018  12:5:39,2-10-2018  12:5:39,229.81,227.26,227.25,229.66 x 800,229.69 x 1000,28071275
2-10-2018  12:5:55,2-10-2018  12:5:55,229.84,227.26,227.25,229.66 x 800,229.68 x 1000,28071275
2-10-2018  12:6:11,2-10-2018  12:6:11,229.83,227.26,227.25,229.66 x 800,229.68 x 1000,28071275
2-10-2018  12:6:27,2-10-2018  12:6:27,229.7738,227.26,227.25,229.6600 x 800,229.6800 x 1000,28071275
2-10-2018  12:6:43,2-10-2018  12:6:43,229.75,227.26,227.25,229.66 x 800,229.72 x 1000,28071275
2-10-2018  12:6:59,2-10-2018  12:6:59,229.73,227.26,227.25,229.720 x 800,229.720 x 1000,28071275
2-10-2018  12:7:15,2-10-2018  12:7:15,229.675,227.26,227.25,229.720 x 800,229.720 x 1000,28071275
2-10-2018  12:7:31,2-10-2018  12:7:31,229.67,227.26,227.25,229.58 x 800,229.65 x 1000,28071275
2-10-2018  12:7:47,2-10-2018  12:7:47,229.73,227.26,227.25,229.58 x 800,229.65 x 1000,28071275
2-10-2018  12:8:3,2-10-2018  12:8:3,229.7135,227.26,227.25,229.5800 x 800,229.6500 x 1000,28071275
2-10-2018  12:8:18,2-10-2018  12:8:18,229.66,227.26,227.25,229.46 x 800,229.52 x 1000,28071275
2-10-2018  12:8:34,2-10-2018  12:8:34,229.65,227.26,227.25,229.46 x 800,229.52 x 1000,28071275
2-10-2018  12:8:50,2-10-2018  12:8:50,229.66,227.26,227.25,229.46 x 800,229.52 x 1000,28071275
2-10-2018  12:9:6,2-10-2018  12:9:6,229.7049,227.26,227.25,229.4600 x 800,229.6000 x 1000,28071275
2-10-2018  12:9:21,2-10-2018  12:9:21,229.7,227.26,227.25,229.60 x 800,229.60 x 1000,28071275
2-10-2018  12:9:37,2-10-2018  12:9:37,229.69,227.26,227.25,229.60 x 800,229.60 x 1000,28071275
2-10-2018  12:9:53,2-10-2018  12:9:53,229.73,227.26,227.25,229.60 x 800,229.63 x 1000,28071275
2-10-2018  12:10:9,2-10-2018  12:10:9,229.68,227.26,227.25,229.64 x 800,229.63 x 1000,28071275
2-10-2018  12:10:25,2-10-2018  12:10:25,229.56,227.26,227.25,229.64 x 800,229.63 x 1000,28071275
2-10-2018  12:10:41,2-10-2018  12:10:41,229.5728,227.26,227.25,229.64 x 800,229.73 x 1000,28071275
2-10-2018  12:10:56,2-10-2018  12:10:56,229.55,227.26,227.25,229.69 x 800,229.73 x 1000,28071275
2-10-2018  12:11:12,2-10-2018  12:11:12,229.58,227.26,227.25,229.69 x 800,229.73 x 1000,28071275
2-10-2018  12:11:28,2-10-2018  12:11:28,229.56,227.26,227.25,229.69 x 800,229.72 x 1000,28071275
2-10-2018  12:11:44,2-10-2018  12:11:44,229.57,227.26,227.25,229.7100 x 800,229.7200 x 1000,28071275
2-10-2018  12:12:0,2-10-2018  12:12:0,229.59,227.26,227.25,229.71 x 800,229.72 x 1000,28071275
2-10-2018  12:12:16,2-10-2018  12:12:16,229.46,227.26,227.25,229.71 x 800,229.79 x 1000,28071275
2-10-2018  12:12:31,2-10-2018  12:12:31,229.4928,227.26,227.25,229.7600 x 800,229.7900 x 1000,28071275
2-10-2018  12:12:47,2-10-2018  12:12:47,229.51,227.26,227.25,229.7600 x 800,229.7900 x 1000,28071275
2-10-2018  12:13:3,2-10-2018  12:13:3,229.482,227.26,227.25,229.76 x 800,229.78 x 1000,28071275
2-10-2018  12:13:19,2-10-2018  12:13:19,229.56,227.26,227.25,229.79 x 800,229.78 x 1000,28071275
2-10-2018  12:13:35,2-10-2018  12:13:35,229.57,227.26,227.25,229.79 x 800,229.78 x 1000,28071275
2-10-2018  12:13:50,2-10-2018  12:13:50,229.49,227.26,227.25,229.79 x 800,229.83 x 1000,28071275
2-10-2018  12:14:7,2-10-2018  12:14:7,229.48,227.26,227.25,229.82 x 800,229.83 x 1000,28071275
2-10-2018  12:14:22,2-10-2018  12:14:22,229.51,227.26,227.25,229.82 x 800,229.83 x 1000,28071275
2-10-2018  12:14:38,2-10-2018  12:14:38,229.48,227.26,227.25,229.8200 x 800,229.8300 x 1000,28071275
2-10-2018  12:14:54,2-10-2018  12:14:54,229.48,227.26,227.25,229.8200 x 900,229.8300 x 1000,28071275
2-10-2018  12:15:10,2-10-2018  12:15:10,229.46,227.26,227.25,229.82 x 900,229.83 x 1000,28071275
2-10-2018  12:15:26,2-10-2018  12:15:26,229.46,227.26,227.25,229.8200 x 900,229.8200 x 1000,28071275
2-10-2018  12:15:41,2-10-2018  12:15:41,229.38,227.26,227.25,229.83 x 900,229.82 x 1000,28071275
2-10-2018  12:15:57,2-10-2018  12:15:57,229.38,227.26,227.25,229.8300 x 900,229.8200 x 1000,28071275
2-10-2018  12:16:13,2-10-2018  12:16:13,229.34,227.26,227.25,229.83 x 900,229.85 x 1000,28071275
2-10-2018  12:16:29,2-10-2018  12:16:29,229.3973,227.26,227.25,229.8300 x 900,229.8500 x 1000,28071275
2-10-2018  12:16:45,2-10-2018  12:16:45,229.37,227.26,227.25,229.83 x 900,229.85 x 1000,28071275
2-10-2018  12:17:0,2-10-2018  12:17:0,229.44,227.26,227.25,229.83 x 900,229.83 x 1000,28071275
2-10-2018  12:17:17,2-10-2018  12:17:17,229.43,227.26,227.25,229.85 x 900,229.83 x 1000,28071275
2-10-2018  12:17:32,2-10-2018  12:17:32,229.4399,227.26,227.25,229.8500 x 900,229.8300 x 1000,28071275
2-10-2018  12:17:49,2-10-2018  12:17:49,229.42,227.26,227.25,229.85 x 900,229.81 x 1000,28071275
2-10-2018  12:18:5,2-10-2018  12:18:5,229.43,227.26,227.25,229.8100 x 1300,229.8100 x 1000,28071275
2-10-2018  12:18:20,2-10-2018  12:18:20,229.4346,227.26,227.25,229.8100 x 1300,229.8100 x 1000,28071275
2-10-2018  12:18:36,2-10-2018  12:18:36,229.47,227.26,227.25,229.81 x 1300,229.84 x 1000,28071275
2-10-2018  12:18:52,2-10-2018  12:18:52,229.5,227.26,227.25,229.83 x 1300,229.84 x 1000,28071275
2-10-2018  12:19:8,2-10-2018  12:19:8,229.5,227.26,227.25,229.830 x 1300,229.840 x 1000,28071275
2-10-2018  12:19:24,2-10-2018  12:19:24,229.52,227.26,227.25,229.83 x 1300,229.76 x 1000,28071275
2-10-2018  12:19:40,2-10-2018  12:19:40,229.55,227.26,227.25,229.74 x 1300,229.76 x 1000,28071275
2-10-2018  12:19:55,2-10-2018  12:19:55,229.54,227.26,227.25,229.7400 x 1300,229.7600 x 1000,28071275
2-10-2018  12:20:11,2-10-2018  12:20:11,229.55,227.26,227.25,229.74 x 1300,229.80 x 1000,28071275
2-10-2018  12:20:27,2-10-2018  12:20:27,229.58,227.26,227.25,229.77 x 1300,229.80 x 1000,28071275
2-10-2018  12:20:43,2-10-2018  12:20:43,229.64,227.26,227.25,229.77 x 1300,229.80 x 1000,28071275
2-10-2018  12:20:59,2-10-2018  12:20:59,229.67,227.26,227.25,229.77 x 1300,229.85 x 1000,28071275
2-10-2018  12:21:15,2-10-2018  12:21:15,229.71,227.26,227.25,229.77 x 1300,229.85 x 1000,28071275
2-10-2018  12:21:30,2-10-2018  12:21:30,229.68,227.26,227.25,229.83 x 1300,229.85 x 1000,28071275
2-10-2018  12:21:46,2-10-2018  12:21:46,229.675,227.26,227.25,229.830 x 1300,229.730 x 1000,28071275
2-10-2018  12:22:2,2-10-2018  12:22:2,229.64,227.26,227.25,229.73 x 1300,229.73 x 1000,28071275
2-10-2018  12:22:18,2-10-2018  12:22:18,229.61,227.26,227.25,229.73 x 1300,229.73 x 1000,28071275
2-10-2018  12:22:34,2-10-2018  12:22:34,229.66,227.26,227.25,229.73 x 1300,229.67 x 1000,28071275
2-10-2018  12:22:50,2-10-2018  12:22:50,229.6867,227.26,227.25,229.6300 x 1300,229.6700 x 1000,28071275
2-10-2018  12:23:5,2-10-2018  12:23:5,229.68,227.26,227.25,229.63 x 1300,229.67 x 1000,28071275
2-10-2018  12:23:21,2-10-2018  12:23:21,229.68200000000002,227.26,227.25,229.63 x 1300,229.69 x 1000,28071275
2-10-2018  12:23:37,2-10-2018  12:23:37,229.7,227.26,227.25,229.64 x 1300,229.69 x 1000,28071275
2-10-2018  12:23:53,2-10-2018  12:23:53,229.7,227.26,227.25,229.64 x 1300,229.69 x 1000,28071275
2-10-2018  12:24:8,2-10-2018  12:24:8,229.72,227.26,227.25,229.64 x 1300,229.71 x 1000,28071275
2-10-2018  12:24:24,2-10-2018  12:24:24,229.72,227.26,227.25,229.71 x 1300,229.71 x 1000,28071275
2-10-2018  12:24:40,2-10-2018  12:24:40,229.72,227.26,227.25,229.71 x 1300,229.71 x 1000,28071275
2-10-2018  12:24:56,2-10-2018  12:24:56,229.6623,227.26,227.25,229.7100 x 1300,229.7300 x 1000,28071275
2-10-2018  12:25:12,2-10-2018  12:25:12,229.65,227.26,227.25,229.70 x 1300,229.73 x 1000,28071275
2-10-2018  12:25:27,2-10-2018  12:25:27,229.69,227.26,227.25,229.70 x 1300,229.73 x 1000,28071275
2-10-2018  12:25:43,2-10-2018  12:25:43,229.65,227.26,227.25,229.70 x 1300,229.59 x 1000,28071275
2-10-2018  12:25:59,2-10-2018  12:25:59,229.6546,227.26,227.25,229.55 x 1300,229.59 x 1000,28071275
2-10-2018  12:26:15,2-10-2018  12:26:15,229.7,227.26,227.25,229.55 x 1300,229.59 x 1000,28071275
2-10-2018  12:26:31,2-10-2018  12:26:31,229.683,227.26,227.25,229.550 x 1300,229.590 x 1000,28071275
2-10-2018  12:26:47,2-10-2018  12:26:47,229.74,227.26,227.25,229.56 x 1300,229.59 x 1000,28071275
2-10-2018  12:27:3,2-10-2018  12:27:3,229.76,227.26,227.25,229.56 x 1300,229.59 x 1000,28071275
2-10-2018  12:27:19,2-10-2018  12:27:19,229.7892,227.26,227.25,229.4700 x 1300,229.4800 x 1000,28071275
2-10-2018  12:27:34,2-10-2018  12:27:34,229.79,227.26,227.25,229.47 x 1300,229.48 x 1000,28071275
2-10-2018  12:27:50,2-10-2018  12:27:50,229.8,227.26,227.25,229.47 x 1300,229.48 x 1000,28071275
2-10-2018  12:28:6,2-10-2018  12:28:6,229.79,227.26,227.25,229.47 x 1300,229.49 x 1000,28071275
2-10-2018  12:28:22,2-10-2018  12:28:22,229.79,227.26,227.25,229.46 x 1300,229.49 x 1000,28071275
2-10-2018  12:28:38,2-10-2018  12:28:38,229.76,227.26,227.25,229.46 x 1300,229.49 x 1000,28071275
2-10-2018  12:28:54,2-10-2018  12:28:54,229.73,227.26,227.25,229.4900 x 1300,229.5700 x 1000,28071275
2-10-2018  12:29:9,2-10-2018  12:29:9,229.76,227.26,227.25,229.49 x 1300,229.57 x 1000,28071275
2-10-2018  12:29:25,2-10-2018  12:29:25,229.79,227.26,227.25,229.49 x 1300,229.57 x 1000,28071275
2-10-2018  12:29:41,2-10-2018  12:29:41,229.79,227.26,227.25,229.48 x 1300,229.48 x 1000,28071275
2-10-2018  12:29:56,2-10-2018  12:29:56,229.7799,227.26,227.25,229.48 x 1300,229.48 x 1000,28071275
2-10-2018  12:30:13,2-10-2018  12:30:13,229.77,227.26,227.25,229.48 x 1300,229.48 x 1000,28071275
2-10-2018  12:30:28,2-10-2018  12:30:28,229.7692,227.26,227.25,229.4800 x 1300,229.4700 x 1000,28071275
2-10-2018  12:30:44,2-10-2018  12:30:44,229.76,227.26,227.25,229.440 x 1300,229.470 x 1000,28071275
2-10-2018  12:31:0,2-10-2018  12:31:0,229.75,227.26,227.25,229.44 x 1300,229.47 x 1000,28071275
2-10-2018  12:31:16,2-10-2018  12:31:16,229.75,227.26,227.25,229.44 x 1300,229.36 x 1000,28071275
2-10-2018  12:31:32,2-10-2018  12:31:32,229.72299999999998,227.26,227.25,229.370 x 1300,229.360 x 1000,28071275
2-10-2018  12:31:48,2-10-2018  12:31:48,229.75,227.26,227.25,229.37 x 1300,229.36 x 1000,28071275
2-10-2018  12:32:4,2-10-2018  12:32:4,229.77,227.26,227.25,229.37 x 1300,229.48 x 1000,28071275
2-10-2018  12:32:20,2-10-2018  12:32:20,229.78,227.26,227.25,229.43 x 1300,229.48 x 1000,28071275
2-10-2018  12:32:35,2-10-2018  12:32:35,229.79,227.26,227.25,229.43 x 1300,229.48 x 1000,28071275
2-10-2018  12:32:51,2-10-2018  12:32:51,229.79,227.26,227.25,229.43 x 1300,229.48 x 1000,28071275
2-10-2018  12:33:7,2-10-2018  12:33:7,229.8,227.26,227.25,229.42 x 1300,229.42 x 1000,28071275
2-10-2018  12:33:23,2-10-2018  12:33:23,229.81,227.26,227.25,229.42 x 1300,229.42 x 1000,28071275
2-10-2018  12:33:39,2-10-2018  12:33:39,229.81,227.26,227.25,229.42 x 1300,229.46 x 1000,28071275
2-10-2018  12:33:55,2-10-2018  12:33:55,229.84,227.26,227.25,229.47 x 1300,229.46 x 1000,28071275
2-10-2018  12:34:11,2-10-2018  12:34:11,229.865,227.26,227.25,229.470 x 1300,229.460 x 1000,28071275
2-10-2018  12:34:27,2-10-2018  12:34:27,229.8701,227.26,227.25,229.4700 x 1300,229.5600 x 1000,28071275
2-10-2018  12:34:42,2-10-2018  12:34:42,229.89,227.26,227.25,229.52 x 1300,229.56 x 1000,28071275
2-10-2018  12:34:59,2-10-2018  12:34:59,229.83,227.26,227.25,229.5200 x 1300,229.5600 x 1000,28071275
2-10-2018  12:35:14,2-10-2018  12:35:14,229.82,227.26,227.25,229.5600 x 1300,229.5700 x 1000,28071275
2-10-2018  12:35:30,2-10-2018  12:35:30,229.89,227.26,227.25,229.56 x 1300,229.57 x 1000,28071275
2-10-2018  12:35:46,2-10-2018  12:35:46,229.91,227.26,227.25,229.56 x 1300,229.57 x 1000,28071275
2-10-2018  12:36:2,2-10-2018  12:36:2,229.92,227.26,227.25,229.66 x 1300,229.63 x 1000,28071275
2-10-2018  12:36:17,2-10-2018  12:36:17,229.92,227.26,227.25,229.66 x 1300,229.63 x 1000,28071275
2-10-2018  12:36:33,2-10-2018  12:36:33,229.92,227.26,227.25,229.66 x 1300,229.63 x 1000,28071275
2-10-2018  12:36:49,2-10-2018  12:36:49,229.93,227.26,227.25,229.68 x 1300,229.69 x 1000,28071275
2-10-2018  12:37:5,2-10-2018  12:37:5,229.93,227.26,227.25,229.68 x 1300,229.69 x 1000,28071275
2-10-2018  12:37:20,2-10-2018  12:37:20,229.98,227.26,227.25,229.68 x 1300,229.69 x 1000,28071275
2-10-2018  12:37:36,2-10-2018  12:37:36,229.9449,227.26,227.25,229.6600 x 1300,229.6700 x 1000,28071275
2-10-2018  12:37:52,2-10-2018  12:37:52,229.9765,227.26,227.25,229.66 x 1300,229.67 x 1000,28071275
2-10-2018  12:38:8,2-10-2018  12:38:8,229.88,227.26,227.25,229.66 x 1300,229.67 x 1000,28071275
2-10-2018  12:38:23,2-10-2018  12:38:23,229.93,227.26,227.25,229.66 x 1300,229.67 x 1000,28071275
2-10-2018  12:38:39,2-10-2018  12:38:39,229.92,227.26,227.25,229.67 x 1300,229.70 x 1000,28071275
2-10-2018  12:38:55,2-10-2018  12:38:55,229.9281,227.26,227.25,229.67 x 1300,229.70 x 1000,28071275
2-10-2018  12:39:11,2-10-2018  12:39:11,229.9499,227.26,227.25,229.6700 x 1300,229.7000 x 1000,28071275
2-10-2018  12:39:27,2-10-2018  12:39:27,229.9798,227.26,227.25,229.7200 x 1300,229.7200 x 900,28071275
2-10-2018  12:39:43,2-10-2018  12:39:43,229.98,227.26,227.25,229.72 x 1300,229.72 x 900,28071275
2-10-2018  12:39:59,2-10-2018  12:39:59,229.9754,227.26,227.25,229.7100 x 800,229.7200 x 900,28071275
2-10-2018  12:40:15,2-10-2018  12:40:15,229.975,227.26,227.25,229.710 x 800,229.700 x 900,28071275
2-10-2018  12:40:31,2-10-2018  12:40:31,229.9601,227.26,227.25,229.7100 x 800,229.7000 x 900,28071275
2-10-2018  12:40:46,2-10-2018  12:40:46,229.98,227.26,227.25,229.66 x 800,229.70 x 900,28071275
2-10-2018  12:41:2,2-10-2018  12:41:2,229.98,227.26,227.25,229.66 x 800,229.65 x 900,28071275
2-10-2018  12:41:18,2-10-2018  12:41:18,229.95,227.26,227.25,229.660 x 800,229.650 x 900,28071275
2-10-2018  12:41:34,2-10-2018  12:41:34,229.94299999999998,227.26,227.25,229.710 x 800,229.670 x 900,28071275
2-10-2018  12:41:50,2-10-2018  12:41:50,229.9171,227.26,227.25,229.7100 x 800,229.6700 x 900,28071275
2-10-2018  12:42:6,2-10-2018  12:42:6,229.92,227.26,227.25,229.71 x 800,229.67 x 900,28071275
2-10-2018  12:42:21,2-10-2018  12:42:21,229.9159,227.26,227.25,229.7700 x 800,229.6700 x 900,28071275
2-10-2018  12:42:37,2-10-2018  12:42:37,229.92,227.26,227.25,229.77 x 800,229.79 x 900,28071275
2-10-2018  12:42:53,2-10-2018  12:42:53,229.89,227.26,227.25,229.77 x 800,229.79 x 900,28071275
2-10-2018  12:43:9,2-10-2018  12:43:9,229.82,227.26,227.25,229.7900 x 800,229.7900 x 900,28071275
2-10-2018  12:43:25,2-10-2018  12:43:25,229.85,227.26,227.25,229.79 x 800,229.79 x 900,28071275
2-10-2018  12:43:41,2-10-2018  12:43:41,229.84,227.26,227.25,229.79 x 800,229.79 x 900,28071275
2-10-2018  12:43:57,2-10-2018  12:43:57,229.89,227.26,227.25,229.74 x 800,229.79 x 900,28071275
2-10-2018  12:44:12,2-10-2018  12:44:12,229.8966,227.26,227.25,229.7400 x 800,229.7500 x 900,28071275
2-10-2018  12:44:28,2-10-2018  12:44:28,229.9,227.26,227.25,229.740 x 800,229.750 x 900,28071275
2-10-2018  12:44:44,2-10-2018  12:44:44,229.87,227.26,227.25,229.74 x 800,229.75 x 900,28071275
2-10-2018  12:45:0,2-10-2018  12:45:0,229.87,227.26,227.25,229.78 x 800,229.78 x 900,28071275
2-10-2018  12:45:16,2-10-2018  12:45:16,229.87,227.26,227.25,229.780 x 800,229.780 x 900,28071275
2-10-2018  12:45:31,2-10-2018  12:45:31,229.77,227.26,227.25,229.76 x 800,229.78 x 900,28071275
2-10-2018  12:45:47,2-10-2018  12:45:47,229.69,227.26,227.25,229.76 x 800,229.78 x 900,28071275
2-10-2018  12:46:3,2-10-2018  12:46:3,229.7,227.26,227.25,229.76 x 800,229.78 x 900,28071275
2-10-2018  12:46:19,2-10-2018  12:46:19,229.63,227.26,227.25,229.77 x 800,229.74 x 900,28071275
2-10-2018  12:46:35,2-10-2018  12:46:35,229.63,227.26,227.25,229.77 x 800,229.74 x 900,28071275
2-10-2018  12:46:51,2-10-2018  12:46:51,229.4825,227.26,227.25,229.77 x 800,229.74 x 900,28071275
2-10-2018  12:47:7,2-10-2018  12:47:7,229.49,227.26,227.25,229.7700 x 800,229.7400 x 900,28071275
2-10-2018  12:47:24,2-10-2018  12:47:24,229.47,227.26,227.25,229.77 x 800,229.79 x 900,28071275
2-10-2018  12:47:39,2-10-2018  12:47:39,229.475,227.26,227.25,229.770 x 800,229.790 x 900,28071275
2-10-2018  12:47:55,2-10-2018  12:47:55,229.55,227.26,227.25,229.79 x 800,229.79 x 900,28071275
2-10-2018  12:48:11,2-10-2018  12:48:11,229.48,227.26,227.25,229.79 x 800,229.79 x 900,28071275
2-10-2018  12:48:27,2-10-2018  12:48:27,229.49,227.26,227.25,229.79 x 800,229.79 x 900,28071275
2-10-2018  12:48:43,2-10-2018  12:48:43,229.48,227.26,227.25,229.80 x 800,229.79 x 900,28071275
2-10-2018  12:49:30,2-10-2018  12:49:30,229.24,227.26,227.25,229.85 x 800,229.89 x 900,28071275
2-10-2018  12:49:46,2-10-2018  12:49:46,229.17,227.26,227.25,229.85 x 800,229.89 x 900,28071275
2-10-2018  12:50:2,2-10-2018  12:50:2,229.21,227.26,227.25,229.8500 x 800,229.8900 x 900,28071275
2-10-2018  12:50:18,2-10-2018  12:50:18,229.17,227.26,227.25,229.8300 x 800,229.8900 x 900,28071275
2-10-2018  12:50:33,2-10-2018  12:50:33,229.22,227.26,227.25,229.83 x 800,229.83 x 900,28071275
2-10-2018  12:50:49,2-10-2018  12:50:49,229.185,227.26,227.25,229.830 x 800,229.830 x 900,28071275
2-10-2018  12:51:5,2-10-2018  12:51:5,229.12,227.26,227.25,229.90 x 800,229.92 x 900,28071275
2-10-2018  12:51:21,2-10-2018  12:51:21,229.0933,227.26,227.25,229.9000 x 800,229.9200 x 900,28071275
2-10-2018  12:51:36,2-10-2018  12:51:36,229.22,227.26,227.25,229.90 x 800,229.92 x 900,28071275
2-10-2018  12:51:52,2-10-2018  12:51:52,229.195,227.26,227.25,229.900 x 800,229.920 x 900,28071275
2-10-2018  12:52:8,2-10-2018  12:52:8,229.2,227.26,227.25,229.92 x 800,229.94 x 900,28071275
2-10-2018  12:52:24,2-10-2018  12:52:24,229.22,227.26,227.25,229.92 x 800,229.94 x 900,28071275
2-10-2018  12:52:40,2-10-2018  12:52:40,229.25,227.26,227.25,229.9400 x 800,229.9400 x 900,28071275
2-10-2018  12:52:55,2-10-2018  12:52:55,229.3,227.26,227.25,229.9400 x 800,229.9400 x 900,28071275
2-10-2018  12:53:11,2-10-2018  12:53:11,229.33,227.26,227.25,229.94 x 800,229.94 x 900,28071275
2-10-2018  12:53:27,2-10-2018  12:53:27,229.31,227.26,227.25,229.91 x 800,229.92 x 900,28071275
2-10-2018  12:53:44,2-10-2018  12:53:44,229.34,227.26,227.25,229.91 x 800,229.92 x 900,28071275
2-10-2018  12:54:0,2-10-2018  12:54:0,229.3589,227.26,227.25,229.9100 x 800,229.9200 x 900,28071275
2-10-2018  12:54:16,2-10-2018  12:54:16,229.275,227.26,227.25,229.9500 x 800,229.9700 x 900,28071275
2-10-2018  12:54:32,2-10-2018  12:54:32,229.28,227.26,227.25,229.95 x 800,229.97 x 900,28071275
2-10-2018  12:54:47,2-10-2018  12:54:47,229.266,227.26,227.25,229.95 x 800,229.97 x 900,28071275
2-10-2018  12:55:3,2-10-2018  12:55:3,229.27,227.26,227.25,229.96 x 800,229.97 x 900,28071275
2-10-2018  12:55:19,2-10-2018  12:55:19,229.28,227.26,227.25,229.96 x 800,229.97 x 800,28071275
2-10-2018  12:55:35,2-10-2018  12:55:35,229.2399,227.26,227.25,229.9600 x 800,229.9700 x 800,28071275
2-10-2018  12:55:51,2-10-2018  12:55:51,229.21,227.26,227.25,229.97 x 800,229.97 x 800,28071275
2-10-2018  12:56:6,2-10-2018  12:56:6,229.14,227.26,227.25,229.97 x 800,229.99 x 800,28071275
2-10-2018  12:56:23,2-10-2018  12:56:23,229.0398,227.26,227.25,229.97 x 800,229.99 x 800,28071275
2-10-2018  12:56:39,2-10-2018  12:56:39,229.09,227.26,227.25,229.94 x 800,229.99 x 800,28071275
2-10-2018  12:56:54,2-10-2018  12:56:54,229.1,227.26,227.25,229.94 x 800,229.92 x 800,28071275
2-10-2018  12:57:10,2-10-2018  12:57:10,229.12,227.26,227.25,229.94 x 800,229.92 x 800,28071275
2-10-2018  12:57:26,2-10-2018  12:57:26,229.21,227.26,227.25,229.910 x 800,229.920 x 800,28071275
2-10-2018  12:57:42,2-10-2018  12:57:42,229.25,227.26,227.25,229.91 x 800,229.92 x 800,28071275
2-10-2018  12:57:58,2-10-2018  12:57:58,229.2699,227.26,227.25,229.9100 x 800,229.9200 x 800,28071275
2-10-2018  12:58:13,2-10-2018  12:58:13,229.27,227.26,227.25,229.85 x 800,229.92 x 800,28071275
2-10-2018  12:58:29,2-10-2018  12:58:29,229.23,227.26,227.25,229.8500 x 800,229.8600 x 800,28071275
2-10-2018  12:58:45,2-10-2018  12:58:45,229.17,227.26,227.25,229.85 x 800,229.86 x 800,28071275
2-10-2018  12:59:1,2-10-2018  12:59:1,229.195,227.26,227.25,229.89 x 800,229.86 x 800,28071275
2-10-2018  12:59:18,2-10-2018  12:59:18,229.37,227.26,227.25,229.89 x 800,229.90 x 800,28071275
2-10-2018  12:59:34,2-10-2018  12:59:34,229.33,227.26,227.25,229.89 x 800,229.90 x 800,28071275
2-10-2018  12:59:50,2-10-2018  12:59:50,229.35,227.26,227.25,229.88 x 800,229.90 x 800,28071275
2-10-2018  13:0:6,2-10-2018  13:0:6,229.27,227.26,227.25,229.88 x 800,229.90 x 800,28071275
2-10-2018  13:0:22,2-10-2018  13:0:22,229.33,227.26,227.25,229.8800 x 800,229.8700 x 800,28071275
2-10-2018  13:0:38,2-10-2018  13:0:38,229.32,227.26,227.25,229.73 x 800,229.87 x 800,28071275
2-10-2018  13:0:54,2-10-2018  13:0:54,229.35,227.26,227.25,229.73 x 800,229.72 x 800,28071275
2-10-2018  13:1:10,2-10-2018  13:1:10,229.3599,227.26,227.25,229.73 x 800,229.72 x 800,28071275
2-10-2018  13:1:26,2-10-2018  13:1:26,229.35,227.26,227.25,229.68 x 800,229.72 x 800,28071275
2-10-2018  13:1:42,2-10-2018  13:1:42,229.31,227.26,227.25,229.68 x 800,229.67 x 800,28071275
2-10-2018  13:1:58,2-10-2018  13:1:58,229.33,227.26,227.25,229.68 x 800,229.67 x 800,28071275
2-10-2018  13:2:14,2-10-2018  13:2:14,229.31,227.26,227.25,229.48 x 800,229.67 x 800,28071275
2-10-2018  13:2:30,2-10-2018  13:2:30,229.28,227.26,227.25,229.48 x 800,229.52 x 800,28071275
2-10-2018  13:2:45,2-10-2018  13:2:45,229.28,227.26,227.25,229.48 x 800,229.52 x 800,28071275
2-10-2018  13:3:1,2-10-2018  13:3:1,229.34,227.26,227.25,229.49 x 800,229.52 x 800,28071275
2-10-2018  13:3:17,2-10-2018  13:3:17,229.34,227.26,227.25,229.49 x 800,229.49 x 800,28071275
2-10-2018  13:3:33,2-10-2018  13:3:33,229.36,227.26,227.25,229.48 x 800,229.49 x 800,28071275
2-10-2018  13:3:49,2-10-2018  13:3:49,229.34,227.26,227.25,229.48 x 800,229.43 x 800,28071275
2-10-2018  13:4:5,2-10-2018  13:4:5,229.36,227.26,227.25,229.48 x 800,229.43 x 800,28071275
2-10-2018  13:4:20,2-10-2018  13:4:20,229.347,227.26,227.25,229.480 x 800,229.430 x 800,28071275
2-10-2018  13:4:36,2-10-2018  13:4:36,229.35,227.26,227.25,229.22 x 800,229.43 x 800,28071275
2-10-2018  13:4:52,2-10-2018  13:4:52,229.36,227.26,227.25,229.22 x 800,229.18 x 800,28071275
2-10-2018  13:5:9,2-10-2018  13:5:9,229.34,227.26,227.25,229.19 x 800,229.18 x 800,28071275
2-10-2018  13:5:24,2-10-2018  13:5:24,229.3,227.26,227.25,229.19 x 800,229.21 x 800,28071275
2-10-2018  13:5:40,2-10-2018  13:5:40,229.33,227.26,227.25,229.19 x 800,229.21 x 800,28071275
2-10-2018  13:5:56,2-10-2018  13:5:56,229.3,227.26,227.25,229.13 x 800,229.21 x 800,28071275
2-10-2018  13:6:12,2-10-2018  13:6:12,229.32,227.26,227.25,229.13 x 800,229.11 x 800,28071275
2-10-2018  13:6:28,2-10-2018  13:6:28,229.305,227.26,227.25,229.13 x 800,229.11 x 800,28071275
2-10-2018  13:6:44,2-10-2018  13:6:44,229.32,227.26,227.25,229.25 x 800,229.11 x 800,28071275
2-10-2018  13:6:59,2-10-2018  13:6:59,229.3195,227.26,227.25,229.2500 x 800,229.2000 x 800,28071275
2-10-2018  13:7:15,2-10-2018  13:7:15,229.2306,227.26,227.25,229.25 x 800,229.20 x 800,28071275
2-10-2018  13:7:31,2-10-2018  13:7:31,229.23,227.26,227.25,229.20 x 800,229.20 x 800,28071275
2-10-2018  13:7:47,2-10-2018  13:7:47,229.24,227.26,227.25,229.20 x 800,229.27 x 800,28071275
2-10-2018  13:8:3,2-10-2018  13:8:3,229.24,227.26,227.25,229.2000 x 800,229.2700 x 800,28071275
2-10-2018  13:8:19,2-10-2018  13:8:19,229.22,227.26,227.25,229.20 x 800,229.27 x 800,28071275
2-10-2018  13:8:35,2-10-2018  13:8:35,229.27,227.26,227.25,229.30 x 800,229.30 x 800,28071275
2-10-2018  13:8:50,2-10-2018  13:8:50,229.239,227.26,227.25,229.300 x 800,229.300 x 800,28071275
2-10-2018  13:9:6,2-10-2018  13:9:6,229.295,227.26,227.25,229.330 x 800,229.300 x 800,28071275
2-10-2018  13:9:22,2-10-2018  13:9:22,229.24,227.26,227.25,229.33 x 800,229.34 x 800,28071275
2-10-2018  13:9:38,2-10-2018  13:9:38,229.2499,227.26,227.25,229.3300 x 800,229.3400 x 800,28071275
2-10-2018  13:9:54,2-10-2018  13:9:54,229.26,227.26,227.25,229.27 x 800,229.34 x 800,28071275
2-10-2018  13:10:10,2-10-2018  13:10:10,229.24,227.26,227.25,229.27 x 800,229.30 x 800,28071275
2-10-2018  13:10:26,2-10-2018  13:10:26,229.26,227.26,227.25,229.27 x 800,229.30 x 800,28071275
2-10-2018  13:10:42,2-10-2018  13:10:42,229.3031,227.26,227.25,229.2300 x 800,229.3000 x 800,28071275
2-10-2018  13:10:58,2-10-2018  13:10:58,229.25,227.26,227.25,229.23 x 800,229.25 x 800,28071275
2-10-2018  13:11:14,2-10-2018  13:11:14,229.25,227.26,227.25,229.23 x 800,229.25 x 800,28071275
2-10-2018  13:11:30,2-10-2018  13:11:30,229.14,227.26,227.25,229.04 x 800,229.25 x 800,28071275
2-10-2018  13:11:46,2-10-2018  13:11:46,229.15,227.26,227.25,229.04 x 800,229.09 x 800,28071275
2-10-2018  13:12:2,2-10-2018  13:12:2,229.2,227.26,227.25,229.04 x 800,229.09 x 800,28071275
2-10-2018  13:12:18,2-10-2018  13:12:18,229.172,227.26,227.25,229.090 x 800,229.090 x 800,28071275
2-10-2018  13:12:34,2-10-2018  13:12:34,229.08,227.26,227.25,229.09 x 800,229.22 x 800,28071275
2-10-2018  13:12:50,2-10-2018  13:12:50,229.05,227.26,227.25,229.09 x 800,229.22 x 800,28071275
2-10-2018  13:13:6,2-10-2018  13:13:6,229.04,227.26,227.25,229.27 x 800,229.22 x 800,28071275
2-10-2018  13:13:22,2-10-2018  13:13:22,229.04,227.26,227.25,229.27 x 800,229.27 x 800,28071275
2-10-2018  13:13:38,2-10-2018  13:13:38,229.0721,227.26,227.25,229.2700 x 800,229.2700 x 800,28071275
2-10-2018  13:13:54,2-10-2018  13:13:54,229.07,227.26,227.25,229.20 x 800,229.27 x 800,28071275
2-10-2018  13:14:10,2-10-2018  13:14:10,229.1339,227.26,227.25,229.20 x 800,229.21 x 800,28071275
2-10-2018  13:14:26,2-10-2018  13:14:26,229.13,227.26,227.25,229.20 x 800,229.21 x 800,28071275
2-10-2018  13:14:42,2-10-2018  13:14:42,229.1,227.26,227.25,229.32 x 800,229.21 x 800,28071275
2-10-2018  13:14:58,2-10-2018  13:14:58,229.1268,227.26,227.25,229.3200 x 800,229.3400 x 800,28071275
2-10-2018  13:15:14,2-10-2018  13:15:14,229.1,227.26,227.25,229.3200 x 800,229.3400 x 800,28071275
2-10-2018  13:15:30,2-10-2018  13:15:30,229.11,227.26,227.25,229.32 x 800,229.34 x 800,28071275
2-10-2018  13:15:46,2-10-2018  13:15:46,229.1,227.26,227.25,229.32 x 800,229.32 x 800,28071275
2-10-2018  13:16:2,2-10-2018  13:16:2,229.12,227.26,227.25,229.32 x 800,229.32 x 800,28071275
2-10-2018  13:16:18,2-10-2018  13:16:18,229.15,227.26,227.25,229.36 x 800,229.32 x 800,28071275
2-10-2018  13:16:34,2-10-2018  13:16:34,229.18,227.26,227.25,229.3600 x 800,229.3600 x 800,28071275
2-10-2018  13:16:50,2-10-2018  13:16:50,229.22,227.26,227.25,229.36 x 800,229.36 x 800,28071275
2-10-2018  13:17:6,2-10-2018  13:17:6,229.26,227.26,227.25,229.32 x 800,229.36 x 800,28071275
2-10-2018  13:17:23,2-10-2018  13:17:23,229.22,227.26,227.25,229.3200 x 800,229.3600 x 800,28071275
2-10-2018  13:17:39,2-10-2018  13:17:39,229.2399,227.26,227.25,229.3200 x 800,229.3100 x 800,28071275
2-10-2018  13:17:55,2-10-2018  13:17:55,229.27,227.26,227.25,229.28 x 800,229.31 x 800,28071275
2-10-2018  13:18:11,2-10-2018  13:18:11,229.24,227.26,227.25,229.28 x 800,229.31 x 800,28071275
2-10-2018  13:18:27,2-10-2018  13:18:27,229.24,227.26,227.25,229.3600 x 800,229.3200 x 800,28071275
2-10-2018  13:18:43,2-10-2018  13:18:43,229.21,227.26,227.25,229.36 x 800,229.32 x 800,28071275
2-10-2018  13:18:59,2-10-2018  13:18:59,229.18,227.26,227.25,229.36 x 800,229.36 x 800,28071275
2-10-2018  13:19:15,2-10-2018  13:19:15,229.19,227.26,227.25,229.36 x 800,229.36 x 800,28071275
2-10-2018  13:19:31,2-10-2018  13:19:31,229.15,227.26,227.25,229.36 x 800,229.36 x 800,28071275
2-10-2018  13:19:47,2-10-2018  13:19:47,229.21,227.26,227.25,229.36 x 800,229.37 x 800,28071275
2-10-2018  13:20:2,2-10-2018  13:20:2,229.2241,227.26,227.25,229.3600 x 1100,229.3700 x 800,28071275
2-10-2018  13:20:18,2-10-2018  13:20:18,229.23,227.26,227.25,229.36 x 1100,229.37 x 800,28071275
2-10-2018  13:20:34,2-10-2018  13:20:34,229.21,227.26,227.25,229.36 x 1100,229.33 x 800,28071275
2-10-2018  13:20:50,2-10-2018  13:20:50,229.185,227.26,227.25,229.32 x 1100,229.33 x 800,28071275
2-10-2018  13:21:6,2-10-2018  13:21:6,229.19,227.26,227.25,229.3200 x 1100,229.3300 x 800,28071275
2-10-2018  13:21:22,2-10-2018  13:21:22,229.23,227.26,227.25,229.32 x 1100,229.32 x 800,28071275
2-10-2018  13:21:37,2-10-2018  13:21:37,229.25,227.26,227.25,229.32 x 1100,229.32 x 800,28071275
2-10-2018  13:21:53,2-10-2018  13:21:53,229.3,227.26,227.25,229.30 x 1100,229.32 x 800,28071275
2-10-2018  13:22:9,2-10-2018  13:22:9,229.2801,227.26,227.25,229.3000 x 1100,229.3300 x 800,28071275
2-10-2018  13:22:25,2-10-2018  13:22:25,229.28,227.26,227.25,229.21 x 1100,229.33 x 800,28071275
2-10-2018  13:22:41,2-10-2018  13:22:41,229.2783,227.26,227.25,229.2100 x 1100,229.3300 x 800,28071275
2-10-2018  13:22:57,2-10-2018  13:22:57,229.28,227.26,227.25,229.21 x 1100,229.26 x 800,28071275
2-10-2018  13:23:13,2-10-2018  13:23:13,229.2468,227.26,227.25,229.2300 x 1100,229.2600 x 800,28071275
2-10-2018  13:23:28,2-10-2018  13:23:28,229.2635,227.26,227.25,229.2300 x 1100,229.2600 x 800,28071275
2-10-2018  13:23:44,2-10-2018  13:23:44,229.29,227.26,227.25,229.23 x 1100,229.29 x 800,28071275
2-10-2018  13:24:0,2-10-2018  13:24:0,229.3098,227.26,227.25,229.2700 x 1100,229.2900 x 800,28071275
2-10-2018  13:24:16,2-10-2018  13:24:16,229.32,227.26,227.25,229.27 x 1100,229.29 x 800,28071275
2-10-2018  13:24:31,2-10-2018  13:24:31,229.29,227.26,227.25,229.2700 x 1100,229.2500 x 800,28071275
2-10-2018  13:24:47,2-10-2018  13:24:47,229.31,227.26,227.25,229.2700 x 1100,229.2500 x 800,28071275
2-10-2018  13:25:3,2-10-2018  13:25:3,229.29,227.26,227.25,229.23 x 1100,229.25 x 800,28071275
2-10-2018  13:25:19,2-10-2018  13:25:19,229.26,227.26,227.25,229.23 x 1100,229.25 x 800,28071275
2-10-2018  13:25:35,2-10-2018  13:25:35,229.26,227.26,227.25,229.27 x 1100,229.25 x 800,28071275
2-10-2018  13:25:51,2-10-2018  13:25:51,229.3,227.26,227.25,229.27 x 1100,229.25 x 800,28071275
2-10-2018  13:26:7,2-10-2018  13:26:7,229.3158,227.26,227.25,229.2700 x 1100,229.2500 x 800,28071275
2-10-2018  13:26:23,2-10-2018  13:26:23,229.42,227.26,227.25,229.25 x 800,229.25 x 800,28071275
2-10-2018  13:26:39,2-10-2018  13:26:39,229.41,227.26,227.25,229.25 x 800,229.25 x 800,28071275
2-10-2018  13:26:55,2-10-2018  13:26:55,229.38,227.26,227.25,229.25 x 800,229.15 x 800,28071275
2-10-2018  13:27:11,2-10-2018  13:27:11,229.37,227.26,227.25,229.21 x 800,229.15 x 800,28071275
2-10-2018  13:27:27,2-10-2018  13:27:27,229.36,227.26,227.25,229.21 x 800,229.15 x 800,28071275
2-10-2018  13:27:43,2-10-2018  13:27:43,229.3365,227.26,227.25,229.2100 x 800,229.0600 x 800,28071275
2-10-2018  13:27:59,2-10-2018  13:27:59,229.34,227.26,227.25,229.040 x 1400,229.060 x 800,28071275
2-10-2018  13:28:15,2-10-2018  13:28:15,229.37,227.26,227.25,229.04 x 1400,229.06 x 800,28071275
2-10-2018  13:28:31,2-10-2018  13:28:31,229.39,227.26,227.25,229.04 x 1400,229.05 x 800,28071275
2-10-2018  13:28:47,2-10-2018  13:28:47,229.39,227.26,227.25,229.06 x 1400,229.05 x 800,28071275
2-10-2018  13:29:3,2-10-2018  13:29:3,229.405,227.26,227.25,229.060 x 1400,229.050 x 800,28071275
2-10-2018  13:29:19,2-10-2018  13:29:19,229.4145,227.26,227.25,229.0600 x 1400,229.1200 x 800,28071275
2-10-2018  13:29:35,2-10-2018  13:29:35,229.46,227.26,227.25,229.1300 x 1400,229.1200 x 800,28071275
2-10-2018  13:29:51,2-10-2018  13:29:51,229.52,227.26,227.25,229.1300 x 1400,229.1200 x 800,28071275
2-10-2018  13:30:7,2-10-2018  13:30:7,229.52,227.26,227.25,229.13 x 1400,229.16 x 800,28071275
2-10-2018  13:30:23,2-10-2018  13:30:23,229.5865,227.26,227.25,229.0800 x 1400,229.1600 x 800,28071275
2-10-2018  13:30:39,2-10-2018  13:30:39,229.54,227.26,227.25,229.08 x 1400,229.10 x 800,28071275
2-10-2018  13:30:55,2-10-2018  13:30:55,229.57,227.26,227.25,229.0800 x 1400,229.1000 x 800,28071275
2-10-2018  13:31:11,2-10-2018  13:31:11,229.55,227.26,227.25,229.09 x 1400,229.10 x 800,28071275
2-10-2018  13:31:27,2-10-2018  13:31:27,229.545,227.26,227.25,229.090 x 1400,229.100 x 800,28071275
2-10-2018  13:31:43,2-10-2018  13:31:43,229.51,227.26,227.25,229.21 x 1400,229.18 x 800,28071275
2-10-2018  13:31:59,2-10-2018  13:31:59,229.52,227.26,227.25,229.21 x 1400,229.18 x 800,28071275
2-10-2018  13:32:14,2-10-2018  13:32:14,229.51,227.26,227.25,229.21 x 1400,229.18 x 800,28071275
2-10-2018  13:32:31,2-10-2018  13:32:31,229.47,227.26,227.25,229.21 x 1400,229.27 x 800,28071275
2-10-2018  13:32:46,2-10-2018  13:32:46,229.48,227.26,227.25,229.22 x 1400,229.27 x 800,28071275
2-10-2018  13:33:3,2-10-2018  13:33:3,229.4855,227.26,227.25,229.22 x 1400,229.25 x 800,28071275
2-10-2018  13:33:18,2-10-2018  13:33:18,229.505,227.26,227.25,229.2200 x 1400,229.2500 x 800,28071275
2-10-2018  13:33:34,2-10-2018  13:33:34,229.4555,227.26,227.25,229.2300 x 1400,229.2500 x 800,28071275
2-10-2018  13:33:50,2-10-2018  13:33:50,229.35,227.26,227.25,229.23 x 1400,229.20 x 800,28071275
2-10-2018  13:34:6,2-10-2018  13:34:6,229.44,227.26,227.25,229.23 x 1400,229.20 x 800,28071275
2-10-2018  13:34:22,2-10-2018  13:34:22,229.42,227.26,227.25,229.17 x 1400,229.20 x 800,28071275
2-10-2018  13:34:38,2-10-2018  13:34:38,229.37,227.26,227.25,229.17 x 1400,229.20 x 800,28071275
2-10-2018  13:34:54,2-10-2018  13:34:54,229.43,227.26,227.25,229.17 x 1400,229.19 x 800,28071275
2-10-2018  13:35:10,2-10-2018  13:35:10,229.4,227.26,227.25,229.21 x 900,229.19 x 800,28071275
2-10-2018  13:35:26,2-10-2018  13:35:26,229.44,227.26,227.25,229.21 x 900,229.19 x 800,28071275
2-10-2018  13:35:42,2-10-2018  13:35:42,229.44,227.26,227.25,229.21 x 900,229.21 x 800,28071275
2-10-2018  13:35:57,2-10-2018  13:35:57,229.45,227.26,227.25,229.20 x 900,229.21 x 800,28071275
2-10-2018  13:36:13,2-10-2018  13:36:13,229.49,227.26,227.25,229.20 x 900,229.21 x 800,28071275
2-10-2018  13:36:30,2-10-2018  13:36:30,229.49,227.26,227.25,229.200 x 900,229.230 x 1400,28071275
2-10-2018  13:36:46,2-10-2018  13:36:46,229.48,227.26,227.25,229.2100 x 900,229.2300 x 1400,28071275
2-10-2018  13:37:2,2-10-2018  13:37:2,229.4899,227.26,227.25,229.2100 x 900,229.2300 x 1400,28071275
2-10-2018  13:37:17,2-10-2018  13:37:17,229.53,227.26,227.25,229.21 x 900,229.30 x 1400,28071275
2-10-2018  13:37:33,2-10-2018  13:37:33,229.5431,227.26,227.25,229.2700 x 900,229.3000 x 1400,28071275
2-10-2018  13:37:49,2-10-2018  13:37:49,229.5399,227.26,227.25,229.27 x 900,229.30 x 1400,28071275
2-10-2018  13:38:5,2-10-2018  13:38:5,229.53900000000002,227.26,227.25,229.270 x 900,229.280 x 1400,28071275
2-10-2018  13:38:21,2-10-2018  13:38:21,229.59,227.26,227.25,229.26 x 900,229.28 x 1400,28071275
2-10-2018  13:38:37,2-10-2018  13:38:37,229.63,227.26,227.25,229.26 x 900,229.28 x 1400,28071275
2-10-2018  13:38:53,2-10-2018  13:38:53,229.62,227.26,227.25,229.320 x 900,229.290 x 1400,28071275
2-10-2018  13:39:9,2-10-2018  13:39:9,229.6668,227.26,227.25,229.3200 x 900,229.2900 x 1400,28071275
2-10-2018  13:39:25,2-10-2018  13:39:25,229.69,227.26,227.25,229.3200 x 900,229.2900 x 1400,28071275
2-10-2018  13:39:41,2-10-2018  13:39:41,229.6704,227.26,227.25,229.2600 x 900,229.3000 x 1400,28071275
2-10-2018  13:39:57,2-10-2018  13:39:57,229.64,227.26,227.25,229.26 x 900,229.30 x 1400,28071275
2-10-2018  13:40:13,2-10-2018  13:40:13,229.676,227.26,227.25,229.260 x 900,229.300 x 1400,28071275
2-10-2018  13:40:29,2-10-2018  13:40:29,229.7,227.26,227.25,229.26 x 900,229.27 x 1400,28071275
2-10-2018  13:40:45,2-10-2018  13:40:45,229.709,227.26,227.25,229.2600 x 900,229.2700 x 1400,28071275
2-10-2018  13:41:1,2-10-2018  13:41:1,229.7,227.26,227.25,229.2600 x 900,229.2700 x 1400,28071275
2-10-2018  13:41:17,2-10-2018  13:41:17,229.7404,227.26,227.25,229.3400 x 900,229.3300 x 1000,28071275
2-10-2018  13:41:33,2-10-2018  13:41:33,229.7,227.26,227.25,229.34 x 900,229.33 x 1000,28071275
2-10-2018  13:41:49,2-10-2018  13:41:49,229.7061,227.26,227.25,229.3400 x 900,229.3300 x 1000,28071275
2-10-2018  13:42:5,2-10-2018  13:42:5,229.78,227.26,227.25,229.36 x 900,229.38 x 1000,28071275
2-10-2018  13:42:21,2-10-2018  13:42:21,229.78,227.26,227.25,229.36 x 900,229.38 x 1000,28071275
2-10-2018  13:42:37,2-10-2018  13:42:37,229.785,227.26,227.25,229.360 x 900,229.380 x 1000,28071275
2-10-2018  13:42:53,2-10-2018  13:42:53,229.81,227.26,227.25,229.33 x 900,229.38 x 1000,28071275
2-10-2018  13:43:8,2-10-2018  13:43:8,229.81,227.26,227.25,229.3300 x 900,229.3300 x 1000,28071275
2-10-2018  13:43:24,2-10-2018  13:43:24,229.7951,227.26,227.25,229.3300 x 900,229.3300 x 1000,28071275
2-10-2018  13:43:40,2-10-2018  13:43:40,229.82,227.26,227.25,229.40 x 900,229.41 x 1000,28071275
2-10-2018  13:43:56,2-10-2018  13:43:56,229.81,227.26,227.25,229.40 x 900,229.41 x 1000,28071275
2-10-2018  13:44:12,2-10-2018  13:44:12,229.8155,227.26,227.25,229.4000 x 900,229.4100 x 1000,28071275
2-10-2018  13:44:28,2-10-2018  13:44:28,229.83,227.26,227.25,229.4200 x 900,229.4300 x 1000,28071275
2-10-2018  13:44:44,2-10-2018  13:44:44,229.7964,227.26,227.25,229.4200 x 900,229.4300 x 1000,28071275
2-10-2018  13:45:0,2-10-2018  13:45:0,229.75,227.26,227.25,229.42 x 900,229.43 x 1000,28071275
2-10-2018  13:45:16,2-10-2018  13:45:16,229.77,227.26,227.25,229.54 x 900,229.55 x 1000,28071275
2-10-2018  13:45:32,2-10-2018  13:45:32,229.77,227.26,227.25,229.54 x 900,229.55 x 1000,28071275
2-10-2018  13:45:48,2-10-2018  13:45:48,229.8049,227.26,227.25,229.5400 x 900,229.5500 x 1000,28071275
2-10-2018  13:46:5,2-10-2018  13:46:5,229.77,227.26,227.25,229.58 x 900,229.59 x 1000,28071275
2-10-2018  13:46:21,2-10-2018  13:46:21,229.8,227.26,227.25,229.5800 x 900,229.5900 x 1000,28071275
2-10-2018  13:46:37,2-10-2018  13:46:37,229.82,227.26,227.25,229.58 x 900,229.59 x 1000,28071275
2-10-2018  13:46:53,2-10-2018  13:46:53,229.8,227.26,227.25,229.58 x 900,229.59 x 1000,28071275
2-10-2018  13:47:9,2-10-2018  13:47:9,229.8132,227.26,227.25,229.5200 x 900,229.5400 x 1000,28071275
2-10-2018  13:47:25,2-10-2018  13:47:25,229.79,227.26,227.25,229.52 x 900,229.54 x 1000,28071275
2-10-2018  13:47:41,2-10-2018  13:47:41,229.7865,227.26,227.25,229.4500 x 900,229.4900 x 1000,28071275
2-10-2018  13:47:57,2-10-2018  13:47:57,229.77,227.26,227.25,229.45 x 900,229.49 x 1000,28071275
2-10-2018  13:48:13,2-10-2018  13:48:13,229.79,227.26,227.25,229.45 x 900,229.49 x 1000,28071275
2-10-2018  13:48:29,2-10-2018  13:48:29,229.8,227.26,227.25,229.4900 x 900,229.4800 x 1000,28071275
2-10-2018  13:48:45,2-10-2018  13:48:45,229.80900000000003,227.26,227.25,229.490 x 900,229.480 x 1000,28071275
2-10-2018  13:49:1,2-10-2018  13:49:1,229.7762,227.26,227.25,229.4900 x 900,229.4800 x 1000,28071275
2-10-2018  13:49:17,2-10-2018  13:49:17,229.83,227.26,227.25,229.49 x 900,229.48 x 1000,28071275
2-10-2018  13:49:33,2-10-2018  13:49:33,229.8361,227.26,227.25,229.430 x 900,229.440 x 1000,28071275
2-10-2018  13:49:50,2-10-2018  13:49:50,229.83,227.26,227.25,229.43 x 900,229.44 x 1000,28071275
2-10-2018  13:50:7,2-10-2018  13:50:7,229.78,227.26,227.25,229.42 x 900,229.44 x 1000,28071275
2-10-2018  13:50:23,2-10-2018  13:50:23,229.8199,227.26,227.25,229.4200 x 900,229.4400 x 1000,28071275
2-10-2018  13:50:39,2-10-2018  13:50:39,229.8,227.26,227.25,229.42 x 900,229.44 x 1000,28071275
2-10-2018  13:50:55,2-10-2018  13:50:55,229.76,227.26,227.25,229.44 x 900,229.44 x 1000,28071275
2-10-2018  13:51:11,2-10-2018  13:51:11,229.7802,227.26,227.25,229.4400 x 900,229.4400 x 1000,28071275
2-10-2018  13:51:27,2-10-2018  13:51:27,229.79,227.26,227.25,229.44 x 900,229.44 x 1000,28071275
2-10-2018  13:51:43,2-10-2018  13:51:43,229.79,227.26,227.25,229.50 x 900,229.50 x 800,28071275
2-10-2018  13:51:59,2-10-2018  13:51:59,229.76,227.26,227.25,229.50 x 900,229.50 x 800,28071275
2-10-2018  13:52:14,2-10-2018  13:52:14,229.76,227.26,227.25,229.50 x 900,229.50 x 800,28071275
2-10-2018  13:52:30,2-10-2018  13:52:30,229.73,227.26,227.25,229.52 x 900,229.54 x 1000,28071275
2-10-2018  13:52:46,2-10-2018  13:52:46,229.71900000000002,227.26,227.25,229.520 x 900,229.540 x 1000,28071275
2-10-2018  13:53:2,2-10-2018  13:53:2,229.73,227.26,227.25,229.520 x 900,229.540 x 1000,28071275
2-10-2018  13:53:18,2-10-2018  13:53:18,229.67,227.26,227.25,229.52 x 900,229.54 x 1000,28071275
2-10-2018  13:53:34,2-10-2018  13:53:34,229.65,227.26,227.25,229.52 x 900,229.59 x 1000,28071275
2-10-2018  13:53:50,2-10-2018  13:53:50,229.641,227.26,227.25,229.520 x 900,229.590 x 1000,28071275
2-10-2018  13:54:6,2-10-2018  13:54:6,229.65599999999998,227.26,227.25,229.6400 x 1100,229.6600 x 1000,28071275
2-10-2018  13:54:22,2-10-2018  13:54:22,229.69099999999997,227.26,227.25,229.640 x 1100,229.660 x 1000,28071275
2-10-2018  13:54:38,2-10-2018  13:54:38,229.71,227.26,227.25,229.64 x 1100,229.66 x 1000,28071275
2-10-2018  13:54:54,2-10-2018  13:54:54,229.7,227.26,227.25,229.67 x 1100,229.66 x 1000,28071275
2-10-2018  13:55:11,2-10-2018  13:55:11,229.7,227.26,227.25,229.67 x 1100,229.66 x 1000,28071275
2-10-2018  13:55:27,2-10-2018  13:55:27,229.6561,227.26,227.25,229.6700 x 1100,229.6600 x 1000,28071275
2-10-2018  13:55:43,2-10-2018  13:55:43,229.65,227.26,227.25,229.70 x 1100,229.66 x 1000,28071275
2-10-2018  13:55:59,2-10-2018  13:55:59,229.59,227.26,227.25,229.70 x 1100,229.70 x 1000,28071275
2-10-2018  13:56:14,2-10-2018  13:56:14,229.5,227.26,227.25,229.70 x 1100,229.70 x 1000,28071275
2-10-2018  13:56:30,2-10-2018  13:56:30,229.48,227.26,227.25,229.73 x 1100,229.74 x 1000,28071275
2-10-2018  13:56:46,2-10-2018  13:56:46,229.495,227.26,227.25,229.730 x 1100,229.740 x 1000,28071275
2-10-2018  13:57:2,2-10-2018  13:57:2,229.4222,227.26,227.25,229.7300 x 1100,229.7400 x 1000,28071275
2-10-2018  13:57:18,2-10-2018  13:57:18,229.4411,227.26,227.25,229.7600 x 1100,229.7900 x 1000,28071275
2-10-2018  13:57:33,2-10-2018  13:57:33,229.4,227.26,227.25,229.760 x 1100,229.790 x 1000,28071275
2-10-2018  13:57:49,2-10-2018  13:57:49,229.43,227.26,227.25,229.80 x 1100,229.79 x 1000,28071275
2-10-2018  13:58:6,2-10-2018  13:58:6,229.4,227.26,227.25,229.80 x 1100,229.81 x 1200,28071275
2-10-2018  13:58:21,2-10-2018  13:58:21,229.4234,227.26,227.25,229.8000 x 1100,229.8100 x 1200,28071275
2-10-2018  13:58:37,2-10-2018  13:58:37,229.43,227.26,227.25,229.82 x 1100,229.81 x 1200,28071275
2-10-2018  13:58:53,2-10-2018  13:58:53,229.49,227.26,227.25,229.820 x 1100,229.800 x 800,28071275
2-10-2018  13:59:9,2-10-2018  13:59:9,229.53,227.26,227.25,229.82 x 1100,229.80 x 800,28071275
2-10-2018  13:59:25,2-10-2018  13:59:25,229.4828,227.26,227.25,229.8200 x 1100,229.8000 x 800,28071275
2-10-2018  13:59:41,2-10-2018  13:59:41,229.49,227.26,227.25,229.83 x 1100,229.83 x 800,28071275
2-10-2018  13:59:57,2-10-2018  13:59:57,229.51,227.26,227.25,229.83 x 1100,229.83 x 800,28071275
2-10-2018  14:0:13,2-10-2018  14:0:13,229.48,227.26,227.25,229.8300 x 1100,229.8300 x 800,28071275
2-10-2018  14:0:29,2-10-2018  14:0:29,229.51,227.26,227.25,229.75 x 1100,229.79 x 800,28071275
2-10-2018  14:0:44,2-10-2018  14:0:44,229.54,227.26,227.25,229.75 x 1100,229.79 x 800,28071275
2-10-2018  14:1:0,2-10-2018  14:1:0,229.5731,227.26,227.25,229.7500 x 1100,229.7900 x 800,28071275
2-10-2018  14:1:16,2-10-2018  14:1:16,229.56,227.26,227.25,229.76 x 1100,229.79 x 800,28071275
2-10-2018  14:1:32,2-10-2018  14:1:32,229.61,227.26,227.25,229.76 x 1100,229.79 x 800,28071275
2-10-2018  14:1:48,2-10-2018  14:1:48,229.63,227.26,227.25,229.79 x 1100,229.79 x 800,28071275
2-10-2018  14:2:4,2-10-2018  14:2:4,229.6697,227.26,227.25,229.7900 x 1100,229.7900 x 800,28071275
2-10-2018  14:2:19,2-10-2018  14:2:19,229.63,227.26,227.25,229.79 x 1100,229.79 x 800,28071275
2-10-2018  14:2:35,2-10-2018  14:2:35,229.6499,227.26,227.25,229.79 x 1100,229.81 x 800,28071275
2-10-2018  14:2:51,2-10-2018  14:2:51,229.62,227.26,227.25,229.7900 x 1100,229.8100 x 800,28071275
2-10-2018  14:3:7,2-10-2018  14:3:7,229.7,227.26,227.25,229.79 x 1100,229.81 x 800,28071275
2-10-2018  14:3:23,2-10-2018  14:3:23,229.705,227.26,227.25,229.800 x 1100,229.800 x 800,28071275
2-10-2018  14:3:39,2-10-2018  14:3:39,229.73,227.26,227.25,229.80 x 1100,229.80 x 800,28071275
2-10-2018  14:3:55,2-10-2018  14:3:55,229.7136,227.26,227.25,229.8000 x 1100,229.8000 x 800,28071275
2-10-2018  14:4:11,2-10-2018  14:4:11,229.722,227.26,227.25,229.7900 x 800,229.7900 x 800,28071275
2-10-2018  14:4:27,2-10-2018  14:4:27,229.7,227.26,227.25,229.79 x 800,229.79 x 800,28071275
2-10-2018  14:4:43,2-10-2018  14:4:43,229.67,227.26,227.25,229.79 x 800,229.79 x 800,28071275
2-10-2018  14:4:59,2-10-2018  14:4:59,229.68,227.26,227.25,229.82 x 800,229.85 x 800,28071275
2-10-2018  14:5:15,2-10-2018  14:5:15,229.7,227.26,227.25,229.82 x 800,229.85 x 800,28071275
2-10-2018  14:5:31,2-10-2018  14:5:31,229.7146,227.26,227.25,229.8200 x 800,229.8500 x 800,28071275
2-10-2018  14:5:47,2-10-2018  14:5:47,229.79,227.26,227.25,229.79 x 800,229.80 x 800,28071275
2-10-2018  14:6:3,2-10-2018  14:6:3,229.76,227.26,227.25,229.79 x 800,229.80 x 800,28071275
2-10-2018  14:6:19,2-10-2018  14:6:19,229.72,227.26,227.25,229.79 x 800,229.80 x 800,28071275
2-10-2018  14:6:35,2-10-2018  14:6:35,229.73,227.26,227.25,229.77 x 800,229.78 x 800,28071275
2-10-2018  14:6:51,2-10-2018  14:6:51,229.71,227.26,227.25,229.77 x 800,229.78 x 800,28071275
2-10-2018  14:7:6,2-10-2018  14:7:6,229.77,227.26,227.25,229.77 x 800,229.78 x 800,28071275
2-10-2018  14:7:23,2-10-2018  14:7:23,229.77,227.26,227.25,229.74 x 800,229.75 x 800,28071275
2-10-2018  14:7:39,2-10-2018  14:7:39,229.75,227.26,227.25,229.74 x 800,229.75 x 800,28071275
2-10-2018  14:7:55,2-10-2018  14:7:55,229.73,227.26,227.25,229.740 x 800,229.750 x 800,28071275
2-10-2018  14:8:11,2-10-2018  14:8:11,229.77,227.26,227.25,229.68 x 800,229.69 x 800,28071275
2-10-2018  14:8:26,2-10-2018  14:8:26,229.78,227.26,227.25,229.6800 x 800,229.6900 x 800,28071275
2-10-2018  14:8:42,2-10-2018  14:8:42,229.8,227.26,227.25,229.68 x 800,229.69 x 800,28071275
2-10-2018  14:8:58,2-10-2018  14:8:58,229.81,227.26,227.25,229.68 x 800,229.69 x 800,28071275
2-10-2018  14:9:14,2-10-2018  14:9:14,229.85,227.26,227.25,229.61 x 800,229.64 x 800,28071275
2-10-2018  14:9:30,2-10-2018  14:9:30,229.78,227.26,227.25,229.61 x 800,229.64 x 800,28071275
2-10-2018  14:9:46,2-10-2018  14:9:46,229.8,227.26,227.25,229.74 x 800,229.75 x 800,28071275
