     date     time,Prev Close,Open,Bid,Ask,Volume
17:9:2018  12:30:31,162.320,161.920,160.610 x 1400,160.630 x 800,"12,351,985"
17:9:2018  12:30:46,162.32,161.92,160.61 x 1400,160.63 x 800,"12,357,515"
17:9:2018  12:31:0,162.32,161.92,160.61 x 1400,160.63 x 800,"12,360,198"
17:9:2018  12:31:15,162.320,161.920,160.660 x 1400,160.690 x 800,"12,361,398"
17:9:2018  12:31:29,162.3200,161.9200,160.6600 x 1400,160.6900 x 800,"12,385,226"
17:9:2018  12:31:44,162.3200,161.9200,160.6600 x 1400,160.6900 x 800,"12,387,937"
17:9:2018  12:31:58,162.320,161.920,160.660 x 1400,160.690 x 800,"12,392,593"
17:9:2018  12:32:12,162.3200,161.9200,160.6600 x 1400,160.6700 x 800,"12,396,268"
17:9:2018  12:32:26,162.3200,161.9200,160.66 x 1400,160.67 x 800,"12,398,291"
17:9:2018  12:32:41,162.32,161.92,160.66 x 1400,160.67 x 800,"12,401,975"
17:9:2018  12:32:55,162.32,161.92,160.69 x 1400,160.70 x 800,"12,405,297"
17:9:2018  12:33:9,162.32,161.92,160.69 x 1400,160.70 x 800,"12,409,626"
17:9:2018  12:33:23,162.3200,161.9200,160.69 x 1400,160.70 x 800,"12,413,719"
17:9:2018  12:33:37,162.32,161.92,160.66 x 1400,160.66 x 800,"12,416,557"
17:9:2018  12:33:51,162.32,161.92,160.66 x 1400,160.66 x 800,"12,427,855"
17:9:2018  12:34:5,162.3200,161.9200,160.6600 x 1400,160.6600 x 800,"12,435,748"
17:9:2018  12:34:19,162.32,161.92,160.66 x 1400,160.68 x 800,"12,437,371"
17:9:2018  12:34:33,162.32,161.92,160.66 x 1400,160.68 x 800,"12,441,965"
17:9:2018  12:34:47,162.32,161.92,160.66 x 1400,160.68 x 800,"12,443,923"
17:9:2018  12:35:1,162.32,161.92,160.66 x 1400,160.68 x 800,"12,452,848"
17:9:2018  12:35:15,162.32,161.92,160.70 x 1400,160.73 x 800,"12,459,427"
17:9:2018  12:35:29,162.32,161.92,160.70 x 1400,160.73 x 800,"12,461,617"
17:9:2018  12:35:43,162.32,161.92,160.70 x 1400,160.73 x 800,"12,469,917"
17:9:2018  12:35:57,162.32,161.92,160.70 x 1400,160.71 x 800,"12,473,393"
17:9:2018  12:36:12,162.32,161.92,160.70 x 1400,160.71 x 800,"12,478,970"
17:9:2018  12:36:26,162.32,161.92,160.70 x 1400,160.71 x 800,"12,481,509"
17:9:2018  12:36:40,162.32,161.92,160.70 x 1400,160.71 x 800,"12,482,962"
17:9:2018  12:36:54,162.32,161.92,160.66 x 1400,160.67 x 1000,"12,488,414"
17:9:2018  12:37:9,162.3200,161.9200,160.6600 x 1400,160.6700 x 1000,"12,498,133"
17:9:2018  12:37:22,162.32,161.92,160.66 x 1400,160.67 x 1000,"12,504,047"
17:9:2018  12:37:37,162.32,161.92,160.67 x 1400,160.68 x 800,"12,507,566"
17:9:2018  12:37:50,162.32,161.92,160.67 x 1400,160.68 x 800,"12,510,419"
17:9:2018  12:38:5,162.32,161.92,160.6700 x 1400,160.6800 x 800,"12,513,811"
17:9:2018  12:38:19,162.32,161.92,160.72 x 1400,160.68 x 800,"12,518,090"
17:9:2018  12:38:33,162.32,161.92,160.72 x 1400,160.72 x 800,"12,525,263"
17:9:2018  12:38:48,162.3200,161.9200,160.7200 x 1400,160.7200 x 800,"12,534,081"
17:9:2018  12:39:2,162.32,161.92,160.72 x 1400,160.72 x 800,"12,552,440"
17:9:2018  12:39:16,162.32,161.92,160.62 x 1400,160.66 x 800,"12,555,891"
17:9:2018  12:39:30,162.3200,161.9200,160.6200 x 1400,160.6600 x 800,"12,561,105"
17:9:2018  12:39:44,162.320,161.920,160.620 x 1400,160.660 x 800,"12,565,229"
17:9:2018  12:39:58,162.3200,161.9200,160.7200 x 1400,160.7200 x 800,"12,570,128"
17:9:2018  12:40:13,162.32,161.92,160.72 x 1400,160.72 x 800,"12,578,723"
17:9:2018  12:40:27,162.32,161.92,160.72 x 1400,160.72 x 800,"12,588,432"
17:9:2018  12:40:41,162.32,161.92,160.760 x 1400,160.720 x 800,"12,594,321"
17:9:2018  12:40:56,162.32,161.92,160.76 x 1400,160.78 x 800,"12,597,036"
17:9:2018  12:41:10,162.32,161.92,160.76 x 1400,160.78 x 800,"12,598,651"
17:9:2018  12:41:24,162.32,161.92,160.76 x 1400,160.78 x 800,"12,601,491"
17:9:2018  12:41:38,162.32,161.92,160.85 x 1400,160.87 x 800,"12,612,363"
17:9:2018  12:41:52,162.32,161.92,160.85 x 1400,160.87 x 800,"12,619,984"
17:9:2018  12:42:6,162.32,161.92,160.85 x 1400,160.87 x 800,"12,622,331"
17:9:2018  12:42:20,162.320,161.920,160.910 x 1400,160.870 x 800,"12,625,059"
17:9:2018  12:42:34,162.32,161.92,160.9100 x 1400,160.9100 x 800,"12,627,118"
17:9:2018  12:42:48,162.32,161.92,160.91 x 1400,160.91 x 800,"12,630,686"
17:9:2018  12:43:3,162.32,161.92,160.91 x 1400,160.91 x 800,"12,635,376"
17:9:2018  12:43:17,162.32,161.92,160.90 x 1400,160.91 x 800,"12,635,376"
17:9:2018  12:43:31,162.32,161.92,160.90 x 1400,160.91 x 800,"12,635,964"
17:9:2018  12:43:45,162.32,161.92,160.90 x 1400,160.91 x 800,"12,637,981"
17:9:2018  12:43:59,162.32,161.92,160.90 x 1400,160.91 x 800,"12,641,518"
17:9:2018  12:44:13,162.32,161.92,160.89 x 1400,160.92 x 800,"12,646,880"
17:9:2018  12:44:27,162.32,161.92,160.89 x 1400,160.92 x 800,"12,647,549"
17:9:2018  12:44:41,162.32,161.92,160.89 x 1400,160.92 x 800,"12,651,842"
17:9:2018  12:44:55,162.32,161.92,160.82 x 1400,160.84 x 800,"12,656,966"
17:9:2018  12:45:9,162.32,161.92,160.82 x 1400,160.84 x 800,"12,658,460"
17:9:2018  12:45:23,162.32,161.92,160.82 x 1400,160.84 x 800,"12,663,811"
17:9:2018  12:45:38,162.32,161.92,160.82 x 1400,160.90 x 800,"12,666,901"
17:9:2018  12:45:51,162.32,161.92,160.880 x 1400,160.900 x 800,"12,669,324"
17:9:2018  12:46:5,162.32,161.92,160.8800 x 1400,160.9000 x 800,"12,671,392"
17:9:2018  12:46:19,162.3200,161.9200,160.8800 x 1400,160.9000 x 800,"12,673,926"
17:9:2018  12:46:33,162.32,161.92,160.90 x 1400,160.94 x 800,"12,784,126"
17:9:2018  12:46:47,162.3200,161.9200,160.9000 x 1400,160.9400 x 800,"12,789,271"
17:9:2018  12:47:1,162.3200,161.9200,160.90 x 1400,160.94 x 800,"12,797,291"
17:9:2018  12:47:15,162.32,161.92,160.90 x 1400,160.87 x 800,"12,801,951"
17:9:2018  12:47:30,162.32,161.92,160.87 x 1400,160.87 x 800,"12,804,177"
17:9:2018  12:47:43,162.32,161.92,160.87 x 1400,160.87 x 800,"12,812,275"
17:9:2018  12:47:57,162.320,161.920,160.880 x 1400,160.900 x 800,"12,822,578"
17:9:2018  12:48:11,162.32,161.92,160.88 x 1400,160.90 x 800,"12,829,173"
17:9:2018  12:48:25,162.32,161.92,160.88 x 1400,160.90 x 800,"12,833,264"
17:9:2018  12:48:39,162.3200,161.9200,160.88 x 1400,160.90 x 800,"12,836,374"
17:9:2018  12:48:54,162.32,161.92,160.79 x 1400,160.82 x 800,"12,848,583"
17:9:2018  12:49:7,162.32,161.92,160.79 x 1400,160.82 x 800,"12,856,774"
17:9:2018  12:49:22,162.3200,161.9200,160.79 x 1400,160.82 x 800,"12,861,280"
17:9:2018  12:49:36,162.3200,161.9200,160.7800 x 1400,160.8000 x 800,"12,866,801"
17:9:2018  12:49:49,162.3200,161.9200,160.7800 x 1400,160.8000 x 800,"12,874,785"
17:9:2018  12:50:3,162.32,161.92,160.78 x 1400,160.80 x 800,"12,884,349"
17:9:2018  12:50:18,162.3200,161.9200,160.7500 x 1400,160.7400 x 800,"12,907,974"
17:9:2018  12:50:31,162.32,161.92,160.75 x 1400,160.74 x 800,"12,920,960"
17:9:2018  12:50:45,162.32,161.92,160.75 x 1400,160.74 x 800,"12,923,625"
17:9:2018  12:50:59,162.32,161.92,160.75 x 1400,160.86 x 800,"12,948,140"
17:9:2018  12:51:13,162.32,161.92,160.82 x 1400,160.86 x 800,"12,955,637"
17:9:2018  12:51:29,162.320,161.920,160.820 x 1400,160.860 x 800,"12,968,987"
17:9:2018  12:51:45,162.32,161.92,160.82 x 1400,160.86 x 800,"12,973,469"
17:9:2018  12:52:1,162.32,161.92,160.82 x 1400,160.84 x 800,"12,977,184"
17:9:2018  12:52:17,162.32,161.92,160.82 x 1400,160.84 x 800,"12,982,789"
17:9:2018  12:52:32,162.32,161.92,160.82 x 1400,160.84 x 800,"12,990,749"
17:9:2018  12:52:48,162.320,161.920,160.79 x 1400,160.79 x 800,"13,009,825"
17:9:2018  12:53:4,162.32,161.92,160.79 x 1400,160.79 x 800,"13,014,032"
17:9:2018  12:53:20,162.32,161.92,160.79 x 1400,160.79 x 800,"13,016,329"
17:9:2018  12:53:35,162.3200,161.9200,160.7700 x 1400,160.7700 x 800,"13,017,889"
17:9:2018  12:53:50,162.32,161.92,160.77 x 1400,160.77 x 800,"13,023,202"
17:9:2018  12:54:6,162.32,161.92,160.7700 x 1400,160.7700 x 800,"13,028,106"
17:9:2018  12:54:22,162.32,161.92,160.760 x 1400,160.760 x 800,"13,071,823"
17:9:2018  12:54:38,162.320,161.920,160.760 x 1400,160.760 x 800,"13,080,061"
17:9:2018  12:54:53,162.32,161.92,160.76 x 1400,160.76 x 800,"13,087,705"
17:9:2018  12:55:8,162.32,161.92,160.78 x 1400,160.79 x 800,"13,118,666"
17:9:2018  12:55:24,162.32,161.92,160.78 x 1400,160.79 x 800,"13,129,022"
17:9:2018  12:55:40,162.3200,161.9200,160.7800 x 1400,160.7900 x 800,"13,131,685"
17:9:2018  12:55:56,162.32,161.92,160.74 x 1400,160.76 x 800,"13,149,773"
17:9:2018  12:56:11,162.32,161.92,160.74 x 1400,160.76 x 800,"13,183,604"
17:9:2018  12:56:27,162.3200,161.9200,160.74 x 1400,160.76 x 800,"13,188,831"
17:9:2018  12:56:42,162.320,161.920,160.790 x 1400,160.810 x 800,"13,213,312"
17:9:2018  12:56:58,162.320,161.920,160.790 x 1400,160.810 x 800,"13,228,273"
17:9:2018  12:57:13,162.32,161.92,160.79 x 1400,160.81 x 800,"13,242,445"
17:9:2018  12:57:29,162.32,161.92,160.84 x 1400,160.85 x 800,"13,247,738"
17:9:2018  12:57:44,162.32,161.92,160.84 x 1400,160.85 x 800,"13,253,489"
17:9:2018  12:57:59,162.32,161.92,160.8400 x 1400,160.8500 x 800,"13,254,763"
17:9:2018  12:58:14,162.32,161.92,160.8400 x 1400,160.8500 x 800,"13,259,030"
17:9:2018  12:58:30,162.32,161.92,160.84 x 1400,160.85 x 800,"13,263,585"
17:9:2018  12:58:45,162.3200,161.9200,160.8000 x 1400,160.8000 x 800,"13,268,722"
17:9:2018  12:59:0,162.32,161.92,160.80 x 1400,160.80 x 800,"13,275,979"
17:9:2018  12:59:16,162.32,161.92,160.79 x 1400,160.80 x 800,"13,282,268"
17:9:2018  12:59:31,162.32,161.92,160.79 x 1400,160.81 x 800,"13,287,797"
17:9:2018  12:59:47,162.32,161.92,160.79 x 1400,160.81 x 800,"13,296,456"
17:9:2018  13:0:2,162.32,161.92,160.79 x 1400,160.81 x 800,"13,300,722"
17:9:2018  13:0:18,162.32,161.92,160.79 x 1400,160.81 x 800,"13,319,750"
17:9:2018  13:0:33,162.32,161.92,160.81 x 1400,160.83 x 800,"13,336,624"
17:9:2018  13:0:48,162.32,161.92,160.81 x 1400,160.83 x 800,"13,343,932"
17:9:2018  13:1:4,162.32,161.92,160.81 x 1400,160.83 x 800,"13,351,134"
17:9:2018  13:1:19,162.3200,161.9200,160.8100 x 1400,160.8300 x 800,"13,360,890"
17:9:2018  13:1:35,162.32,161.92,160.81 x 1400,160.83 x 800,"13,363,186"
17:9:2018  13:1:51,162.32,161.92,160.81 x 1400,160.83 x 800,"13,371,165"
17:9:2018  13:2:6,162.32,161.92,161.03 x 1400,161.04 x 800,"13,377,746"
17:9:2018  13:2:22,162.32,161.92,161.03 x 1400,161.04 x 800,"13,379,603"
17:9:2018  13:2:38,162.320,161.920,161.03 x 1400,161.04 x 800,"13,384,890"
17:9:2018  13:2:53,162.32,161.92,161.02 x 1400,161.00 x 800,"13,398,633"
17:9:2018  13:3:9,162.3200,161.9200,161.0200 x 1400,161.0000 x 800,"13,405,514"
17:9:2018  13:3:25,162.32,161.92,161.02 x 1400,161.00 x 800,"13,407,780"
17:9:2018  13:3:40,162.320,161.920,161.020 x 1400,161.000 x 800,"13,411,036"
17:9:2018  13:3:56,162.32,161.92,161.03 x 1400,161.05 x 800,"13,414,524"
17:9:2018  13:4:12,162.3200,161.9200,161.03 x 1400,161.05 x 800,"13,418,540"
17:9:2018  13:4:27,162.32,161.92,161.05 x 1400,161.05 x 800,"13,429,312"
17:9:2018  13:4:43,162.3200,161.9200,161.0500 x 1400,161.0900 x 800,"13,441,398"
17:9:2018  13:4:58,162.32,161.92,161.05 x 1400,161.09 x 800,"13,446,812"
17:9:2018  13:5:13,162.32,161.92,161.06 x 1400,161.09 x 800,"13,456,359"
17:9:2018  13:5:29,162.32,161.92,161.06 x 1400,161.14 x 800,"13,467,864"
17:9:2018  13:5:44,162.3200,161.9200,161.0600 x 1400,161.1400 x 800,"13,472,360"
17:9:2018  13:6:0,162.32,161.92,161.06 x 1400,161.14 x 800,"13,478,906"
17:9:2018  13:6:16,162.32,161.92,161.17 x 1400,161.14 x 800,"13,498,174"
17:9:2018  13:6:31,162.32,161.92,161.17 x 1400,161.14 x 800,"13,517,623"
17:9:2018  13:6:46,162.3200,161.9200,161.1700 x 1400,161.1400 x 800,"13,525,888"
17:9:2018  13:7:1,162.3200,161.9200,161.0300 x 1400,161.1400 x 800,"13,538,501"
17:9:2018  13:7:17,162.32,161.92,161.03 x 1400,161.05 x 800,"13,547,000"
17:9:2018  13:7:32,162.32,161.92,161.02 x 1400,161.05 x 800,"13,567,137"
17:9:2018  13:7:47,162.32,161.92,161.02 x 1400,161.05 x 800,"13,574,084"
17:9:2018  13:8:3,162.32,161.92,161.02 x 1400,161.03 x 1200,"13,583,084"
17:9:2018  13:8:19,162.3200,161.9200,161.0200 x 1400,161.0300 x 1200,"13,589,006"
17:9:2018  13:8:35,162.32,161.92,161.03 x 1200,161.03 x 1200,"13,606,025"
17:9:2018  13:8:50,162.32,161.92,161.03 x 1200,161.03 x 1200,"13,607,840"
17:9:2018  13:9:6,162.32,161.92,161.02 x 1200,161.04 x 1200,"13,610,035"
17:9:2018  13:9:21,162.32,161.92,161.0200 x 1200,161.0400 x 1200,"13,612,608"
17:9:2018  13:9:36,162.32,161.92,161.02 x 1200,160.98 x 1200,"13,618,202"
17:9:2018  13:9:52,162.32,161.92,161.02 x 1200,160.98 x 1200,"13,621,771"
17:9:2018  13:10:7,162.32,161.92,160.97 x 1200,160.98 x 1200,"13,623,034"
17:9:2018  13:10:23,162.32,161.92,160.97 x 1200,160.98 x 1200,"13,636,043"
17:9:2018  13:10:38,162.32,161.92,160.970 x 1200,160.880 x 1200,"13,647,167"
17:9:2018  13:10:54,162.32,161.92,160.86 x 1200,160.88 x 1200,"13,655,121"
17:9:2018  13:11:10,162.32,161.92,160.86 x 1200,160.66 x 1200,"13,660,049"
17:9:2018  13:11:26,162.32,161.92,160.86 x 1200,160.66 x 1200,"13,668,875"
17:9:2018  13:11:41,162.320,161.920,160.690 x 1200,160.660 x 1200,"13,678,118"
