time,Prev Close,Open,Bid,Ask,Volume
17:9:2018  12:30:33,1172.53,1170.14,"1,160.41 x 900","1,161.10 x 1800",516785
17:9:2018  12:30:47,1172.53,1170.14,"1,160.49 x 900","1,161.13 x 1800",516785
17:9:2018  12:31:1,1172.53,1170.14,"1,160.49 x 900","1,161.13 x 1800",516785
17:9:2018  12:31:16,1172.53,1170.14,"1,160.49 x 900","1,161.13 x 1800",516785
17:9:2018  12:31:31,1172.53,1170.14,"1,161.06 x 900","1,161.38 x 1800",517371
17:9:2018  12:31:45,1172.53,1170.14,"1,161.06 x 900","1,161.38 x 1800",517371
17:9:2018  12:31:59,1172.53,1170.14,"1,161.06 x 900","1,161.38 x 1800",517705
17:9:2018  12:32:13,1172.53,1170.14,"1,161.06 x 900","1,161.38 x 1800",517705
17:9:2018  12:32:28,1172.53,1170.14,"1,161.21 x 900","1,161.68 x 1800",517705
17:9:2018  12:32:42,1172.53,1170.14,"1,161.21 x 900","1,161.68 x 1800",518797
17:9:2018  12:32:56,1172.53,1170.14,"1,161.21 x 900","1,161.68 x 1800",519271
17:9:2018  12:33:10,1172.53,1170.14,"1,161.21 x 900","1,161.68 x 1800",519271
17:9:2018  12:33:25,1172.53,1170.14,"1,161.21 x 900","1,161.68 x 1800",519271
17:9:2018  12:33:39,1172.53,1170.14,"1,161.4399 x 900","1,162.1200 x 1800",519271
17:9:2018  12:33:53,1172.53,1170.14,"1,161.52 x 900","1,162.17 x 1800",519271
17:9:2018  12:34:6,1172.53,1170.14,"1,161.52 x 900","1,162.17 x 1800",520083
17:9:2018  12:34:21,1172.53,1170.14,"1,161.52 x 900","1,162.17 x 1800",521143
17:9:2018  12:34:35,1172.53,1170.14,"1,161.52 x 900","1,162.17 x 1800",521143
17:9:2018  12:34:49,1172.53,1170.14,"1,161.46 x 900","1,162.38 x 1800",521143
17:9:2018  12:35:3,1172.53,1170.14,"1,162.07 x 900","1,162.38 x 1800",523188
17:9:2018  12:35:17,1172.53,1170.14,"1,162.07 x 900","1,162.38 x 1800",523188
17:9:2018  12:35:31,1172.53,1170.14,"1,162.07 x 900","1,162.38 x 1800",523839
17:9:2018  12:35:45,1172.53,1170.14,"1,162.07 x 900","1,162.38 x 1800",524187
17:9:2018  12:35:59,1172.53,1170.14,"1,162.23 x 900","1,162.49 x 1800",524187
17:9:2018  12:36:13,1172.53,1170.14,"1,162.23 x 900","1,162.49 x 1800",526805
17:9:2018  12:36:27,1172.53,1170.14,"1,162.23 x 900","1,162.49 x 1800",526805
17:9:2018  12:36:42,1172.53,1170.14,"1,162.23 x 900","1,162.49 x 1800",526805
17:9:2018  12:36:56,1172.53,1170.14,"1,162.19 x 900","1,162.84 x 1800",526805
17:9:2018  12:37:10,1172.53,1170.14,"1,162.19 x 900","1,162.84 x 1800",528544
17:9:2018  12:37:24,1172.53,1170.14,"1,162.19 x 900","1,162.84 x 1800",528974
17:9:2018  12:37:38,1172.53,1170.14,"1,161.94 x 900","1,162.84 x 1800",529644
17:9:2018  12:37:52,1172.53,1170.14,"1,161.94 x 900","1,162.84 x 1800",529644
17:9:2018  12:38:6,1172.53,1170.14,"1,161.94 x 900","1,162.84 x 1800",529644
17:9:2018  12:38:20,1172.53,1170.14,"1,161.94 x 900","1,162.52 x 1800",533752
17:9:2018  12:38:35,1172.53,1170.14,"1,161.94 x 900","1,162.52 x 1800",533752
17:9:2018  12:38:49,1172.53,1170.14,"1,161.94 x 900","1,162.52 x 1800",534433
17:9:2018  12:39:3,1172.53,1170.14,"1,162.32 x 900","1,162.89 x 1800",534433
17:9:2018  12:39:17,1172.53,1170.14,"1,162.32 x 900","1,162.89 x 1800",534433
17:9:2018  12:39:31,1172.53,1170.14,"1,162.40 x 900","1,162.91 x 1800",534671
17:9:2018  12:39:45,1172.53,1170.14,"1,162.40 x 900","1,162.91 x 1800",534671
17:9:2018  12:40:0,1172.53,1170.14,"1,162.40 x 900","1,162.91 x 1800",535296
17:9:2018  12:40:14,1172.53,1170.14,"1,162.69 x 900","1,163.03 x 1800",535296
17:9:2018  12:40:28,1172.53,1170.14,"1,162.69 x 900","1,163.03 x 1800",536024
17:9:2018  12:40:42,1172.53,1170.14,"1,162.69 x 900","1,163.03 x 1800",536024
17:9:2018  12:40:57,1172.53,1170.14,"1,162.69 x 900","1,163.03 x 1800",536024
17:9:2018  12:41:11,1172.53,1170.14,"1,162.69 x 900","1,163.03 x 1800",536124
17:9:2018  12:41:25,1172.53,1170.14,"1,162.5500 x 900","1,163.5200 x 1800",536124
17:9:2018  12:41:39,1172.53,1170.14,"1,162.5500 x 900","1,163.5200 x 1800",536124
17:9:2018  12:41:53,1172.53,1170.14,"1,162.55 x 900","1,163.52 x 1800",537508
17:9:2018  12:42:7,1172.53,1170.14,"1,162.55 x 900","1,163.52 x 1800",538143
17:9:2018  12:42:21,1172.53,1170.14,"1,162.95 x 900","1,164.00 x 1800",538143
17:9:2018  12:42:35,1172.53,1170.14,"1,162.95 x 900","1,164.00 x 1800",538143
17:9:2018  12:42:50,1172.53,1170.14,"1,162.95 x 900","1,164.00 x 1800",538722
17:9:2018  12:43:4,1172.53,1170.14,"1,162.95 x 900","1,164.00 x 1800",538824
17:9:2018  12:43:18,1172.53,1170.14,"1,163.5699 x 900","1,164.0900 x 1800",539202
17:9:2018  12:43:33,1172.53,1170.14,"1,163.5699 x 900","1,164.0900 x 1800",539202
17:9:2018  12:43:47,1172.53,1170.14,"1,163.57 x 900","1,164.09 x 1800",540112
17:9:2018  12:44:0,1172.53,1170.14,"1,163.87 x 900","1,164.09 x 1800",540112
17:9:2018  12:44:14,1172.53,1170.14,"1,163.870 x 900","1,164.330 x 1800",541043
17:9:2018  12:44:28,1172.53,1170.14,"1,163.870 x 900","1,164.330 x 1800",541043
17:9:2018  12:44:42,1172.53,1170.14,"1,163.870 x 900","1,164.330 x 1800",541043
17:9:2018  12:44:56,1172.53,1170.14,"1,163.870 x 900","1,164.330 x 1800",541043
17:9:2018  12:45:10,1172.53,1170.14,"1,162.53 x 900","1,163.01 x 1800",541043
17:9:2018  12:45:24,1172.53,1170.14,"1,162.53 x 900","1,163.01 x 1800",541910
17:9:2018  12:45:39,1172.53,1170.14,"1,162.5300 x 900","1,163.0100 x 1800",542506
17:9:2018  12:45:52,1172.53,1170.14,"1,162.5300 x 900","1,163.0100 x 1800",542506
17:9:2018  12:46:6,1172.53,1170.14,"1,162.5300 x 900","1,163.0100 x 1800",542506
17:9:2018  12:46:20,1172.53,1170.14,"1,162.69 x 900","1,163.20 x 1800",542506
17:9:2018  12:46:34,1172.53,1170.14,"1,162.69 x 900","1,163.20 x 1800",542506
17:9:2018  12:46:48,1172.53,1170.14,"1,162.69 x 900","1,163.20 x 1800",542506
17:9:2018  12:47:2,1172.53,1170.14,"1,162.690 x 900","1,163.270 x 1800",543342
17:9:2018  12:47:16,1172.53,1170.14,"1,162.690 x 900","1,163.270 x 1800",543342
17:9:2018  12:47:31,1172.53,1170.14,"1,162.69 x 900","1,162.99 x 1800",543342
17:9:2018  12:47:45,1172.53,1170.14,"1,162.69 x 900","1,162.99 x 1800",544089
17:9:2018  12:47:58,1172.53,1170.14,"1,162.69 x 900","1,162.99 x 1800",544851
17:9:2018  12:48:12,1172.53,1170.14,"1,162.67 x 900","1,162.99 x 1800",544851
17:9:2018  12:48:27,1172.53,1170.14,"1,162.67 x 900","1,162.99 x 1800",544851
17:9:2018  12:48:40,1172.53,1170.14,"1,162.67 x 900","1,162.99 x 1800",544851
17:9:2018  12:48:55,1172.53,1170.14,"1,162.67 x 900","1,162.99 x 1800",544851
17:9:2018  12:49:9,1172.53,1170.14,"1,162.67 x 900","1,162.99 x 1800",544851
17:9:2018  12:49:23,1172.53,1170.14,"1,162.71 x 900","1,163.36 x 800",544851
17:9:2018  12:49:37,1172.53,1170.14,"1,162.71 x 900","1,163.36 x 800",544851
17:9:2018  12:49:51,1172.53,1170.14,"1,162.71 x 900","1,163.36 x 800",544851
17:9:2018  12:50:5,1172.53,1170.14,"1,162.10 x 900","1,162.51 x 800",544851
17:9:2018  12:50:19,1172.53,1170.14,"1,162.10 x 900","1,162.51 x 800",546776
17:9:2018  12:50:33,1172.53,1170.14,"1,162.10 x 900","1,162.51 x 800",546776
17:9:2018  12:50:47,1172.53,1170.14,"1,162.10 x 900","1,162.51 x 800",546776
17:9:2018  12:51:0,1172.53,1170.14,"1,162.10 x 900","1,162.51 x 800",546776
17:9:2018  12:51:15,1172.53,1170.14,"1,161.95 x 900","1,162.44 x 800",548712
17:9:2018  12:51:31,1172.53,1170.14,"1,161.95 x 900","1,162.44 x 800",548712
17:9:2018  12:51:46,1172.53,1170.14,"1,161.95 x 900","1,162.44 x 800",549043
17:9:2018  12:52:2,1172.53,1170.14,"1,162.0400 x 900","1,162.6200 x 800",550615
17:9:2018  12:52:18,1172.53,1170.14,"1,162.04 x 900","1,162.62 x 800",551758
17:9:2018  12:52:34,1172.53,1170.14,"1,162.04 x 900","1,162.62 x 800",552538
17:9:2018  12:52:50,1172.53,1170.14,"1,162.04 x 900","1,162.62 x 800",552538
17:9:2018  12:53:5,1172.53,1170.14,"1,162.0699 x 900","1,162.4301 x 800",552538
17:9:2018  12:53:21,1172.53,1170.14,"1,162.08 x 900","1,162.79 x 800",552880
17:9:2018  12:53:37,1172.53,1170.14,"1,162.08 x 900","1,162.79 x 800",552880
17:9:2018  12:53:52,1172.53,1170.14,"1,162.08 x 900","1,162.79 x 800",552880
17:9:2018  12:54:7,1172.53,1170.14,"1,162.08 x 900","1,162.79 x 800",552880
17:9:2018  12:54:23,1172.53,1170.14,"1,162.08 x 900","1,162.79 x 800",555060
17:9:2018  12:54:39,1172.53,1170.14,"1,161.64 x 900","1,162.21 x 800",555060
17:9:2018  12:54:55,1172.53,1170.14,"1,161.640 x 900","1,162.210 x 800",556211
17:9:2018  12:55:10,1172.53,1170.14,"1,161.640 x 900","1,162.210 x 800",556638
17:9:2018  12:55:26,1172.53,1170.14,"1,161.86 x 900","1,162.29 x 800",557504
17:9:2018  12:55:42,1172.53,1170.14,"1,161.86 x 900","1,162.38 x 800",557715
17:9:2018  12:55:57,1172.53,1170.14,"1,161.86 x 900","1,162.29 x 800",558389
17:9:2018  12:56:13,1172.53,1170.14,"1,161.55 x 900","1,162.29 x 800",559298
17:9:2018  12:56:28,1172.53,1170.14,"1,161.55 x 900","1,162.29 x 800",559398
17:9:2018  12:56:44,1172.53,1170.14,"1,161.55 x 900","1,162.29 x 800",559398
17:9:2018  12:56:59,1172.53,1170.14,"1,161.82 x 900","1,162.28 x 800",560063
17:9:2018  12:57:15,1172.53,1170.14,"1,161.82 x 900","1,162.28 x 800",560063
17:9:2018  12:57:30,1172.53,1170.14,"1,161.82 x 900","1,162.28 x 800",560063
17:9:2018  12:57:46,1172.53,1170.14,"1,161.94 x 900","1,162.45 x 800",560063
17:9:2018  12:58:1,1172.53,1170.14,"1,161.8199 x 900","1,162.4500 x 800",560063
17:9:2018  12:58:16,1172.53,1170.14,"1,161.8199 x 900","1,162.4500 x 800",560063
17:9:2018  12:58:32,1172.53,1170.14,"1,161.82 x 900","1,162.45 x 800",560063
17:9:2018  12:58:47,1172.53,1170.14,"1,161.960 x 900","1,162.410 x 800",561944
17:9:2018  12:59:2,1172.53,1170.14,"1,161.96 x 900","1,162.41 x 800",562896
17:9:2018  12:59:17,1172.53,1170.14,"1,161.96 x 900","1,162.41 x 800",563135
17:9:2018  12:59:33,1172.53,1170.14,"1,161.96 x 900","1,162.41 x 800",563678
17:9:2018  12:59:48,1172.53,1170.14,"1,161.56 x 900","1,162.04 x 800",564049
17:9:2018  13:0:3,1172.53,1170.14,"1,161.96 x 900","1,162.41 x 800",564049
17:9:2018  13:0:19,1172.53,1170.14,"1,161.56 x 900","1,162.04 x 800",564049
17:9:2018  13:0:35,1172.53,1170.14,"1,161.58 x 900","1,162.26 x 800",564379
17:9:2018  13:0:50,1172.53,1170.14,"1,161.5800 x 900","1,162.2600 x 800",564379
17:9:2018  13:1:5,1172.53,1170.14,"1,161.58 x 900","1,162.26 x 800",564379
17:9:2018  13:1:21,1172.53,1170.14,"1,162.3600 x 900","1,162.7900 x 800",564379
17:9:2018  13:1:37,1172.53,1170.14,"1,162.3600 x 900","1,162.7900 x 800",564379
17:9:2018  13:1:52,1172.53,1170.14,"1,162.3600 x 900","1,162.7900 x 800",564379
17:9:2018  13:2:8,1172.53,1170.14,"1,162.3600 x 900","1,162.7900 x 800",564379
17:9:2018  13:2:23,1172.53,1170.14,"1,162.3600 x 900","1,162.7900 x 800",564379
17:9:2018  13:2:39,1172.53,1170.14,"1,162.64 x 900","1,163.35 x 800",565041
17:9:2018  13:2:55,1172.53,1170.14,"1,162.64 x 900","1,163.35 x 800",566362
17:9:2018  13:3:10,1172.53,1170.14,"1,162.75 x 900","1,162.99 x 800",567965
17:9:2018  13:3:26,1172.53,1170.14,"1,162.75 x 900","1,162.99 x 800",567965
17:9:2018  13:3:41,1172.53,1170.14,"1,162.75 x 900","1,162.99 x 800",567965
17:9:2018  13:3:57,1172.53,1170.14,"1,162.98 x 900","1,162.99 x 800",567965
17:9:2018  13:4:13,1172.53,1170.14,"1,162.75 x 900","1,162.99 x 800",567965
17:9:2018  13:4:29,1172.53,1170.14,"1,162.9800 x 900","1,162.9900 x 800",567965
17:9:2018  13:4:44,1172.53,1170.14,"1,163.30 x 900","1,163.92 x 800",567965
17:9:2018  13:4:59,1172.53,1170.14,"1,163.30 x 900","1,163.92 x 800",569096
17:9:2018  13:5:15,1172.53,1170.14,"1,163.30 x 900","1,163.92 x 800",569096
17:9:2018  13:5:30,1172.53,1170.14,"1,163.71 x 900","1,164.92 x 800",569360
17:9:2018  13:5:46,1172.53,1170.14,"1,163.71 x 900","1,164.92 x 800",569360
17:9:2018  13:6:1,1172.53,1170.14,"1,163.71 x 900","1,164.92 x 800",569360
17:9:2018  13:6:17,1172.53,1170.14,"1,164.51 x 900","1,164.92 x 800",569360
17:9:2018  13:6:33,1172.53,1170.14,"1,164.51 x 900","1,164.92 x 800",569360
17:9:2018  13:6:47,1172.53,1170.14,"1,164.51 x 900","1,164.92 x 800",569360
17:9:2018  13:7:3,1172.53,1170.14,"1,163.710 x 900","1,164.310 x 800",570057
17:9:2018  13:7:18,1172.53,1170.14,"1,163.7100 x 900","1,164.3101 x 800",570489
17:9:2018  13:7:34,1172.53,1170.14,"1,163.7100 x 900","1,164.3101 x 800",570489
17:9:2018  13:7:49,1172.53,1170.14,"1,163.7100 x 900","1,164.3101 x 800",570489
17:9:2018  13:8:4,1172.53,1170.14,"1,163.71 x 900","1,164.31 x 800",571341
17:9:2018  13:8:20,1172.53,1170.14,"1,164.01 x 900","1,164.31 x 800",572058
17:9:2018  13:8:36,1172.53,1170.14,"1,164.01 x 900","1,164.31 x 800",572058
17:9:2018  13:8:51,1172.53,1170.14,"1,164.01 x 900","1,164.31 x 800",572058
17:9:2018  13:9:7,1172.53,1170.14,"1,164.01 x 900","1,164.31 x 800",572058
17:9:2018  13:9:23,1172.53,1170.14,"1,163.53 x 900","1,164.31 x 800",573387
17:9:2018  13:9:38,1172.53,1170.14,"1,163.53 x 900","1,163.96 x 800",575041
17:9:2018  13:9:53,1172.53,1170.14,"1,163.53 x 900","1,164.31 x 800",575041
17:9:2018  13:10:8,1172.53,1170.14,"1,163.53 x 900","1,163.96 x 800",575175
17:9:2018  13:10:24,1172.53,1170.14,"1,163.3700 x 900","1,163.9600 x 800",575175
17:9:2018  13:10:40,1172.53,1170.14,"1,163.3700 x 900","1,163.9600 x 800",575175
17:9:2018  13:10:55,1172.53,1170.14,"1,163.2100 x 900","1,163.8199 x 800",575175
17:9:2018  13:11:11,1172.53,1170.14,"1,163.2100 x 900","1,163.8199 x 800",575175
17:9:2018  13:11:27,1172.53,1170.14,"1,163.21 x 900","1,163.30 x 800",575175
17:9:2018  13:11:42,1172.53,1170.14,"1,163.21 x 900","1,163.30 x 800",575175
