,time,Main Price,Prev Close,Open,Bid,Ask,Volume
1,28-9-2018  9:59:37,224.68,224.95,224.79,224.69 x 1000,224.85 x 1000,27964356
2,28-9-2018  10:0:1,224.75,224.95,224.79,224.69 x 1000,224.79 x 1000,27964356
3,28-9-2018  10:0:25,224.69,224.95,224.79,224.700 x 1000,224.790 x 1000,27964356
4,28-9-2018  10:0:49,224.675,224.95,224.79,224.700 x 1000,224.660 x 1000,27964356
5,28-9-2018  10:1:14,224.7,224.95,224.79,224.41 x 1000,224.66 x 1000,27964356
6,28-9-2018  10:1:38,224.61,224.95,224.79,224.41 x 1000,224.43 x 1000,27964356
7,28-9-2018  10:2:2,224.93,224.95,224.79,224.42 x 1000,224.47 x 1000,27964356
8,28-9-2018  10:2:26,224.84,224.95,224.79,224.42 x 1000,224.47 x 1000,27964356
9,28-9-2018  10:2:51,224.84,224.95,224.79,224.41 x 1000,224.52 x 1000,27964356
10,28-9-2018  10:3:15,224.91,224.95,224.79,224.41 x 1000,224.52 x 1000,27964356
11,28-9-2018  10:3:39,225.07,224.95,224.79,224.61 x 1000,224.54 x 1000,27964356
12,28-9-2018  10:4:3,225.1169,224.95,224.79,224.6100 x 1000,224.5400 x 1000,27964356
13,28-9-2018  10:4:27,225.07,224.95,224.79,224.61 x 1000,224.74 x 1000,27964356
14,28-9-2018  10:4:52,224.91,224.95,224.79,224.6100 x 1000,224.7400 x 1000,27964356
15,28-9-2018  10:5:16,225.07,224.95,224.79,224.82 x 1000,224.79 x 1000,27964356
16,28-9-2018  10:5:40,225.14,224.95,224.79,224.82 x 1000,224.79 x 1000,27964356
17,28-9-2018  10:6:4,225.11,224.95,224.79,224.70 x 1000,224.73 x 1000,27964356
18,28-9-2018  10:6:28,225.09,224.95,224.79,224.58 x 1000,224.73 x 1000,27964356
19,28-9-2018  10:6:52,225.07,224.95,224.79,224.58 x 1000,224.44 x 1000,27964356
20,28-9-2018  10:7:16,225.05,224.95,224.79,224.47 x 1000,224.44 x 1000,27964356
21,28-9-2018  10:7:40,225.0325,224.95,224.79,224.4700 x 1000,224.4800 x 1000,27964356
22,28-9-2018  10:8:4,225.06,224.95,224.79,224.40 x 1000,224.48 x 1000,27964356
23,28-9-2018  10:8:28,225.01,224.95,224.79,224.40 x 1000,224.53 x 1000,27964356
24,28-9-2018  10:8:52,225.03,224.95,224.79,224.40 x 1000,224.53 x 1000,27964356
25,28-9-2018  10:9:17,225.05,224.95,224.79,224.40 x 1000,224.52 x 1000,27964356
26,28-9-2018  10:9:42,225.01,224.95,224.79,224.37 x 1000,224.52 x 1000,27964356
27,28-9-2018  10:10:6,225.07,224.95,224.79,224.37 x 1000,224.47 x 1000,27964356
28,28-9-2018  10:10:30,225.01,224.95,224.79,224.49 x 1000,224.50 x 1000,27964356
29,28-9-2018  10:10:54,224.99,224.95,224.79,224.49 x 1000,224.50 x 1000,27964356
30,28-9-2018  10:11:18,225.11,224.95,224.79,224.41 x 1000,224.45 x 1000,27964356
31,28-9-2018  10:11:42,225.04,224.95,224.79,224.41 x 1000,224.45 x 1000,27964356
32,28-9-2018  10:12:6,224.97,224.95,224.79,224.43 x 1000,224.39 x 1000,27964356
33,28-9-2018  10:12:30,224.94,224.95,224.79,224.43 x 1000,224.39 x 1000,27964356
34,28-9-2018  10:12:54,224.8,224.95,224.79,224.45 x 1000,224.39 x 1000,27964356
35,28-9-2018  10:13:19,224.8,224.95,224.79,224.45 x 1000,224.49 x 1000,27964356
36,28-9-2018  10:13:43,224.73,224.95,224.79,224.69 x 1000,224.71 x 1000,27964356
37,28-9-2018  10:14:7,224.72,224.95,224.79,224.690 x 1000,224.710 x 1000,27964356
38,28-9-2018  10:14:31,224.76,224.95,224.79,224.74 x 1000,224.68 x 1000,27964356
39,28-9-2018  10:14:55,224.74,224.95,224.79,224.74 x 1000,224.68 x 1000,27964356
40,28-9-2018  10:15:19,224.72,224.95,224.79,224.83 x 1000,224.77 x 1000,27964356
41,28-9-2018  10:15:44,224.83,224.95,224.79,224.6700 x 1000,224.7700 x 1000,27964356
42,28-9-2018  10:16:8,224.92,224.95,224.79,224.67 x 1000,224.67 x 1000,27964356
43,28-9-2018  10:16:32,224.9,224.95,224.79,224.71 x 1000,224.67 x 1000,27964356
44,28-9-2018  10:16:56,224.87,224.95,224.79,224.71 x 1000,224.71 x 1000,27964356
45,28-9-2018  10:17:20,225.02,224.95,224.79,224.90 x 1000,224.71 x 1000,27964356
46,28-9-2018  10:17:44,225.1,224.95,224.79,224.90 x 1000,224.84 x 1000,27964356
47,28-9-2018  10:18:9,225.0295,224.95,224.79,224.8200 x 1000,224.8400 x 1000,27964356
48,28-9-2018  10:18:33,225.09,224.95,224.79,224.8200 x 1000,224.9300 x 1000,27964356
49,28-9-2018  10:18:57,225.1,224.95,224.79,225.12 x 1000,224.93 x 1000,27964356
50,28-9-2018  10:19:21,225.07,224.95,224.79,225.12 x 1000,225.11 x 1000,27964356
51,28-9-2018  10:19:45,225.05,224.95,224.79,225.03 x 1000,225.11 x 1000,27964356
52,28-9-2018  10:20:9,225.01,224.95,224.79,225.03 x 1000,224.97 x 1000,27964356
53,28-9-2018  10:20:33,224.97,224.95,224.79,225.07 x 1000,224.97 x 1000,27964356
54,28-9-2018  10:20:58,224.83,224.95,224.79,225.07 x 1000,225.09 x 1000,27964356
55,28-9-2018  10:21:22,224.887,224.95,224.79,225.110 x 1000,225.170 x 1000,27964356
56,28-9-2018  10:21:46,224.93,224.95,224.79,225.11 x 1000,225.17 x 1000,27964356
57,28-9-2018  10:22:10,224.94,224.95,224.79,225.06 x 1000,225.03 x 1000,27964356
58,28-9-2018  10:22:34,225.02,224.95,224.79,225.06 x 1000,225.03 x 1000,27964356
59,28-9-2018  10:22:58,224.89,224.95,224.79,225.02 x 1000,225.10 x 1000,27964356
60,28-9-2018  10:23:23,224.61,224.95,224.79,225.02 x 1000,225.10 x 1000,27964356
61,28-9-2018  10:23:47,224.69,224.95,224.79,225.0000 x 1000,225.0200 x 1000,27964356
62,28-9-2018  10:24:11,224.79,224.95,224.79,225.0000 x 1000,225.0200 x 1000,27964356
63,28-9-2018  10:24:35,224.77,224.95,224.79,225.05 x 1000,225.02 x 1000,27964356
64,28-9-2018  10:24:59,225.0,224.95,224.79,225.050 x 1000,225.020 x 1000,27964356
65,28-9-2018  10:25:23,225.01,224.95,224.79,225.06 x 1000,225.06 x 1000,27964356
66,28-9-2018  10:25:47,224.9,224.95,224.79,225.06 x 1000,225.06 x 1000,27964356
67,28-9-2018  10:26:11,224.82,224.95,224.79,225.06 x 1000,225.00 x 1000,27964356
68,28-9-2018  10:26:36,224.98,224.95,224.79,225.0600 x 1000,225.0000 x 1000,27964356
69,28-9-2018  10:27:0,224.89,224.95,224.79,225.05 x 1000,225.06 x 1000,27964356
70,28-9-2018  10:27:24,224.7376,224.95,224.79,224.8900 x 1000,225.0600 x 1000,27964356
71,28-9-2018  10:27:48,224.81,224.95,224.79,224.89 x 1000,224.93 x 1000,27964356
72,28-9-2018  10:28:13,224.8,224.95,224.79,224.81 x 1000,224.93 x 1000,27964356
73,28-9-2018  10:28:37,224.87,224.95,224.79,224.81 x 1000,224.80 x 1000,27964356
74,28-9-2018  10:29:1,224.84,224.95,224.79,224.72 x 1000,224.80 x 1000,27964356
75,28-9-2018  10:29:26,224.85,224.95,224.79,224.7200 x 1000,224.7100 x 1000,27964356
76,28-9-2018  10:29:50,224.79,224.95,224.79,224.73 x 1000,224.71 x 1000,27964356
77,28-9-2018  10:30:15,224.81,224.95,224.79,224.73 x 1000,224.75 x 1000,27964356
78,28-9-2018  10:30:39,224.73,224.95,224.79,224.71 x 1000,224.87 x 1000,27964356
79,28-9-2018  10:31:3,224.75,224.95,224.79,224.7100 x 1000,224.8700 x 1000,27964356
80,28-9-2018  10:31:27,224.7737,224.95,224.79,224.9200 x 1000,224.9300 x 1000,27964356
81,28-9-2018  10:31:51,224.85,224.95,224.79,224.92 x 1000,224.93 x 1000,27964356
82,28-9-2018  10:32:16,224.88,224.95,224.79,224.86 x 1000,224.88 x 1000,27964356
83,28-9-2018  10:32:40,224.82,224.95,224.79,224.86 x 1000,224.88 x 1000,27964356
84,28-9-2018  10:33:4,224.84,224.95,224.79,225.11 x 1000,225.04 x 1000,27964356
85,28-9-2018  10:33:28,224.82,224.95,224.79,225.11 x 1000,225.04 x 1000,27964356
86,28-9-2018  10:33:52,224.8,224.95,224.79,225.09 x 1000,225.09 x 1000,27964356
87,28-9-2018  10:34:16,224.9,224.95,224.79,225.09 x 1000,225.09 x 1000,27964356
88,28-9-2018  10:34:40,224.989,224.95,224.79,225.0600 x 1000,225.0500 x 1000,27964356
89,28-9-2018  10:35:4,224.85,224.95,224.79,225.06 x 1000,225.05 x 1000,27964356
90,28-9-2018  10:35:28,224.83,224.95,224.79,225.01 x 1000,225.05 x 1000,27964356
91,28-9-2018  10:35:53,224.87,224.95,224.79,225.01 x 1000,225.05 x 1000,27964356
92,28-9-2018  10:36:17,224.87,224.95,224.79,224.86 x 1000,224.87 x 1000,27964356
93,28-9-2018  10:36:41,224.8035,224.95,224.79,224.8600 x 1000,224.8700 x 1000,27964356
94,28-9-2018  10:37:5,224.86,224.95,224.79,224.93 x 1000,224.95 x 1000,27964356
95,28-9-2018  10:37:29,224.94,224.95,224.79,225.01 x 1000,224.95 x 1000,27964356
96,28-9-2018  10:37:53,225.02,224.95,224.79,225.01 x 1000,225.02 x 1000,27964356
97,28-9-2018  10:38:17,225.04,224.95,224.79,224.86 x 1000,224.73 x 1000,27964356
98,28-9-2018  10:38:41,225.24,224.95,224.79,224.86 x 1000,224.73 x 1000,27964356
99,28-9-2018  10:39:6,225.25,224.95,224.79,224.770 x 1000,224.790 x 1000,27964356
100,28-9-2018  10:39:29,225.35,224.95,224.79,224.77 x 1000,224.79 x 1000,27964356
101,28-9-2018  10:39:53,225.2099,224.95,224.79,224.8000 x 1000,224.8700 x 1000,27964356
102,28-9-2018  10:40:18,225.27,224.95,224.79,224.80 x 1000,224.87 x 1000,27964356
103,28-9-2018  10:40:43,225.2499,224.95,224.79,224.9400 x 1000,224.9800 x 1000,27964356
104,28-9-2018  10:41:7,225.27,224.95,224.79,224.94 x 1000,224.98 x 1000,27964356
105,28-9-2018  10:41:31,225.27,224.95,224.79,224.91 x 1000,224.96 x 1000,27964356
106,28-9-2018  10:41:55,225.28,224.95,224.79,224.91 x 1000,224.96 x 1000,27964356
107,28-9-2018  10:42:19,225.36,224.95,224.79,224.85 x 1000,224.85 x 1000,27964356
108,28-9-2018  10:42:43,225.29,224.95,224.79,224.85 x 1000,224.85 x 1000,27964356
109,28-9-2018  10:43:7,225.28,224.95,224.79,224.85 x 1000,224.83 x 1000,27964356
110,28-9-2018  10:43:31,225.29,224.95,224.79,224.85 x 1000,224.83 x 1000,27964356
111,28-9-2018  10:43:56,225.19,224.95,224.79,224.85 x 1000,224.86 x 1000,27964356
112,28-9-2018  10:44:20,225.22,224.95,224.79,224.85 x 1000,224.86 x 1000,27964356
113,28-9-2018  10:44:44,225.25,224.95,224.79,224.84 x 1000,224.82 x 1000,27964356
114,28-9-2018  10:45:8,225.29,224.95,224.79,224.84 x 1000,224.82 x 1000,27964356
115,28-9-2018  10:45:33,225.31,224.95,224.79,224.81 x 1000,224.76 x 1000,27964356
116,28-9-2018  10:45:57,225.34,224.95,224.79,224.81 x 1000,224.76 x 1000,27964356
117,28-9-2018  10:46:21,225.2,224.95,224.79,224.67 x 1000,224.76 x 1000,27964356
118,28-9-2018  10:46:45,225.32,224.95,224.79,224.67 x 1000,224.76 x 1000,27964356
119,28-9-2018  10:47:9,225.25,224.95,224.79,224.81 x 1000,224.85 x 1000,27964356
120,28-9-2018  10:47:33,225.2,224.95,224.79,224.85 x 1000,224.85 x 1000,27964356
121,28-9-2018  10:47:58,225.27,224.95,224.79,224.85 x 1000,224.83 x 1000,27964356
122,28-9-2018  10:48:22,225.31,224.95,224.79,224.83 x 1000,224.83 x 1000,27964356
123,28-9-2018  10:48:46,225.345,224.95,224.79,224.8300 x 1000,224.8300 x 1000,27964356
124,28-9-2018  10:49:10,225.42,224.95,224.79,224.81 x 1000,224.83 x 1000,27964356
125,28-9-2018  10:49:34,225.42,224.95,224.79,224.81 x 1000,224.89 x 1000,27964356
126,28-9-2018  10:49:58,225.66,224.95,224.79,224.97 x 1000,224.89 x 1000,27964356
127,28-9-2018  10:50:22,225.65,224.95,224.79,224.97 x 1000,224.86 x 1000,27964356
128,28-9-2018  10:50:47,225.68,224.95,224.79,224.85 x 1000,224.86 x 1000,27964356
129,28-9-2018  10:51:11,225.79,224.95,224.79,224.85 x 1000,224.86 x 1000,27964356
130,28-9-2018  10:51:35,225.74,224.95,224.79,224.87 x 1000,224.86 x 1000,27964356
131,28-9-2018  10:51:59,225.75,224.95,224.79,224.87 x 1000,224.83 x 1000,27964356
132,28-9-2018  10:52:24,225.6994,224.95,224.79,224.8600 x 1000,224.9300 x 1000,27964356
133,28-9-2018  10:52:48,225.68,224.95,224.79,224.86 x 1000,224.93 x 1000,27964356
134,28-9-2018  10:53:12,225.72,224.95,224.79,225.01 x 1000,225.02 x 1000,27964356
135,28-9-2018  10:53:36,225.68,224.95,224.79,225.01 x 1000,225.02 x 1000,27964356
136,28-9-2018  10:54:0,225.63,224.95,224.79,225.20 x 1000,225.16 x 1000,27964356
137,28-9-2018  10:54:24,225.62,224.95,224.79,225.20 x 1000,225.16 x 1000,27964356
138,28-9-2018  10:54:49,225.69,224.95,224.79,225.32 x 1000,225.29 x 1000,27964356
139,28-9-2018  10:55:14,225.5819,224.95,224.79,225.3200 x 1000,225.2900 x 1000,27964356
140,28-9-2018  10:55:39,225.63,224.95,224.79,225.24 x 1000,225.27 x 1000,27964356
141,28-9-2018  10:56:3,225.63,224.95,224.79,225.24 x 1000,225.27 x 1000,27964356
142,28-9-2018  10:56:27,225.57,224.95,224.79,225.20 x 1000,225.26 x 1000,27964356
143,28-9-2018  10:56:52,225.52,224.95,224.79,225.20 x 1000,225.26 x 1000,27964356
144,28-9-2018  10:57:16,225.5,224.95,224.79,225.27 x 1000,225.31 x 1000,27964356
145,28-9-2018  10:57:40,225.6885,224.95,224.79,225.3300 x 1000,225.3100 x 1000,27964356
146,28-9-2018  10:58:4,225.54,224.95,224.79,225.330 x 1000,225.250 x 1000,27964356
147,28-9-2018  10:58:29,225.55,224.95,224.79,225.33 x 1000,225.25 x 1000,27964356
148,28-9-2018  10:58:53,225.45,224.95,224.79,225.27 x 1000,225.24 x 1000,27964356
149,28-9-2018  10:59:17,225.6,224.95,224.79,225.17 x 1000,225.24 x 1000,27964356
150,28-9-2018  10:59:41,225.66,224.95,224.79,225.17 x 1000,225.28 x 1000,27964356
151,28-9-2018  11:0:5,225.71,224.95,224.79,225.25 x 1000,225.28 x 1000,27964356
152,28-9-2018  11:0:29,225.71,224.95,224.79,225.25 x 1000,225.33 x 1000,27964356
153,28-9-2018  11:0:54,225.73,224.95,224.79,225.33 x 1000,225.33 x 1000,27964356
154,28-9-2018  11:1:18,225.6701,224.95,224.79,225.3300 x 1000,225.3200 x 1000,27964356
155,28-9-2018  11:1:42,225.77,224.95,224.79,225.31 x 1000,225.32 x 1000,27964356
156,28-9-2018  11:2:6,225.6799,224.95,224.79,225.3100 x 1000,225.3300 x 1000,27964356
157,28-9-2018  11:2:30,225.7,224.95,224.79,225.2400 x 1000,225.3300 x 1000,27964356
158,28-9-2018  11:2:54,225.4701,224.95,224.79,225.2400 x 1000,225.2200 x 1000,27964356
159,28-9-2018  11:3:19,225.3875,224.95,224.79,225.2800 x 1000,225.2200 x 1000,27964356
160,28-9-2018  11:3:42,225.28,224.95,224.79,225.28 x 1000,225.31 x 1000,27964356
161,28-9-2018  11:4:6,225.28,224.95,224.79,225.36 x 1000,225.31 x 1000,27964356
162,28-9-2018  11:4:30,225.31,224.95,224.79,225.36 x 1000,225.42 x 800,27964356
163,28-9-2018  11:4:54,225.41,224.95,224.79,225.45 x 1000,225.58 x 800,27964356
164,28-9-2018  11:5:18,225.3543,224.95,224.79,225.4500 x 1000,225.5800 x 800,27964356
165,28-9-2018  11:5:42,225.27,224.95,224.79,225.62 x 1000,225.64 x 800,27964356
166,28-9-2018  11:6:7,225.27,224.95,224.79,225.62 x 1000,225.64 x 800,27964356
167,28-9-2018  11:6:30,225.18,224.95,224.79,225.78 x 1000,225.75 x 800,27964356
168,28-9-2018  11:6:55,225.1649,224.95,224.79,225.78 x 1000,225.75 x 800,27964356
169,28-9-2018  11:7:19,225.24,224.95,224.79,225.71 x 1000,225.72 x 800,27964356
170,28-9-2018  11:7:43,225.35,224.95,224.79,225.710 x 1000,225.720 x 800,27964356
171,28-9-2018  11:8:7,225.4701,224.95,224.79,225.63 x 1000,225.70 x 800,27964356
172,28-9-2018  11:8:31,225.4,224.95,224.79,225.63 x 1000,225.70 x 800,27964356
173,28-9-2018  11:8:55,225.4,224.95,224.79,225.63 x 1000,225.59 x 800,27964356
174,28-9-2018  11:9:19,225.43,224.95,224.79,225.62 x 1000,225.59 x 800,27964356
175,28-9-2018  11:9:43,225.445,224.95,224.79,225.620 x 1000,225.660 x 800,27964356
176,28-9-2018  11:10:7,225.5,224.95,224.79,225.610 x 1000,225.660 x 800,27964356
177,28-9-2018  11:10:31,225.5,224.95,224.79,225.61 x 1000,225.62 x 800,27964356
178,28-9-2018  11:10:56,225.4909,224.95,224.79,225.6400 x 1000,225.6200 x 800,27964356
179,28-9-2018  11:11:20,225.4,224.95,224.79,225.64 x 1000,225.63 x 800,27964356
180,28-9-2018  11:11:44,225.34,224.95,224.79,225.57 x 1000,225.63 x 800,27964356
181,28-9-2018  11:12:8,225.36,224.95,224.79,225.57 x 1000,225.51 x 800,27964356
182,28-9-2018  11:12:32,225.44,224.95,224.79,225.61 x 1000,225.51 x 800,27964356
183,28-9-2018  11:12:56,225.36,224.95,224.79,225.61 x 1000,225.69 x 800,27964356
184,28-9-2018  11:13:21,225.46,224.95,224.79,225.48 x 1000,225.69 x 800,27964356
185,28-9-2018  11:13:45,225.448,224.95,224.79,225.480 x 1000,225.500 x 800,27964356
186,28-9-2018  11:14:9,225.4138,224.95,224.79,225.47 x 1000,225.50 x 800,27964356
187,28-9-2018  11:14:33,225.4,224.95,224.79,225.47 x 1000,225.63 x 800,27964356
188,28-9-2018  11:14:57,225.47,224.95,224.79,225.59 x 1000,225.63 x 800,27964356
189,28-9-2018  11:15:21,225.43,224.95,224.79,225.5900 x 1000,225.7200 x 800,27964356
190,28-9-2018  11:15:45,225.31,224.95,224.79,225.73 x 1000,225.72 x 800,27964356
191,28-9-2018  11:16:10,225.2699,224.95,224.79,225.7300 x 1000,225.7300 x 800,27964356
192,28-9-2018  11:16:35,225.35,224.95,224.79,225.7300 x 1000,225.7300 x 800,27964356
193,28-9-2018  11:16:59,225.32,224.95,224.79,225.6900 x 1000,225.7700 x 800,27964356
194,28-9-2018  11:17:23,225.34,224.95,224.79,225.69 x 1000,225.77 x 800,27964356
195,28-9-2018  11:17:47,225.31,224.95,224.79,225.52 x 1000,225.71 x 800,27964356
196,28-9-2018  11:18:11,225.315,224.95,224.79,225.52 x 1000,225.71 x 800,27964356
197,28-9-2018  11:18:35,225.2899,224.95,224.79,225.3700 x 1000,225.3800 x 800,27964356
198,28-9-2018  11:18:59,225.383,224.95,224.79,225.370 x 1000,225.380 x 800,27964356
199,28-9-2018  11:19:23,225.3701,224.95,224.79,225.28 x 1000,225.28 x 800,27964356
200,28-9-2018  11:19:48,225.31,224.95,224.79,225.28 x 1000,225.40 x 800,27964356
201,28-9-2018  11:20:12,225.24,224.95,224.79,225.32 x 1000,225.40 x 800,27964356
202,28-9-2018  11:20:36,225.21,224.95,224.79,225.32 x 1000,225.40 x 800,27964356
203,28-9-2018  11:21:0,225.191,224.95,224.79,225.290 x 1000,225.290 x 800,27964356
204,28-9-2018  11:21:24,225.165,224.95,224.79,225.290 x 1000,225.290 x 800,27964356
205,28-9-2018  11:21:48,225.19,224.95,224.79,225.20 x 1000,225.22 x 800,27964356
206,28-9-2018  11:22:12,225.29,224.95,224.79,225.20 x 1000,225.22 x 800,27964356
207,28-9-2018  11:22:36,225.27,224.95,224.79,225.3200 x 1000,225.2300 x 800,27964356
208,28-9-2018  11:23:0,225.26,224.95,224.79,225.32 x 1000,225.43 x 800,27964356
209,28-9-2018  11:23:24,225.34,224.95,224.79,225.4400 x 1000,225.4300 x 800,27964356
210,28-9-2018  11:23:48,225.2,224.95,224.79,225.44 x 1000,225.43 x 800,27964356
211,28-9-2018  11:24:12,225.1693,224.95,224.79,225.3800 x 1000,225.4200 x 800,27964356
212,28-9-2018  11:24:36,225.12,224.95,224.79,225.38 x 1000,225.42 x 800,27964356
213,28-9-2018  11:25:0,225.15,224.95,224.79,225.46 x 1000,225.45 x 800,27964356
214,28-9-2018  11:25:24,225.1,224.95,224.79,225.46 x 1000,225.45 x 800,27964356
215,28-9-2018  11:25:48,225.1,224.95,224.79,225.51 x 800,225.51 x 800,27964356
216,28-9-2018  11:26:12,225.05,224.95,224.79,225.51 x 800,225.51 x 800,27964356
217,28-9-2018  11:26:36,225.04,224.95,224.79,225.30 x 800,225.39 x 800,27964356
218,28-9-2018  11:27:0,225.03,224.95,224.79,225.3000 x 800,225.3900 x 800,27964356
219,28-9-2018  11:27:24,225.04,224.95,224.79,225.35 x 800,225.35 x 800,27964356
220,28-9-2018  11:27:48,225.04,224.95,224.79,225.35 x 800,225.35 x 800,27964356
221,28-9-2018  11:28:13,225.0298,224.95,224.79,225.3600 x 800,225.3900 x 800,27964356
222,28-9-2018  11:28:37,225.03,224.95,224.79,225.3600 x 800,225.3900 x 800,27964356
223,28-9-2018  11:29:1,225.03,224.95,224.79,225.45 x 800,225.47 x 800,27964356
224,28-9-2018  11:29:24,225.15,224.95,224.79,225.45 x 800,225.47 x 800,27964356
225,28-9-2018  11:29:48,225.0799,224.95,224.79,225.3900 x 800,225.4000 x 800,27964356
226,28-9-2018  11:30:13,225.09,224.95,224.79,225.39 x 800,225.40 x 800,27964356
227,28-9-2018  11:30:37,225.0611,224.95,224.79,225.43 x 800,225.46 x 800,27964356
228,28-9-2018  11:31:1,225.03,224.95,224.79,225.4300 x 800,225.4600 x 800,27964356
229,28-9-2018  11:31:25,225.02,224.95,224.79,225.26 x 800,225.29 x 800,27964356
230,28-9-2018  11:31:50,224.99,224.95,224.79,225.26 x 800,225.29 x 800,27964356
231,28-9-2018  11:32:14,225.02,224.95,224.79,225.33 x 800,225.33 x 800,27964356
232,28-9-2018  11:32:38,225.0,224.95,224.79,225.33 x 800,225.35 x 800,27964356
233,28-9-2018  11:33:2,224.96,224.95,224.79,225.30 x 800,225.35 x 800,27964356
234,28-9-2018  11:33:26,224.94,224.95,224.79,225.30 x 800,225.35 x 800,27964356
235,28-9-2018  11:33:50,225.0,224.95,224.79,225.29 x 800,225.30 x 800,27964356
236,28-9-2018  11:34:14,225.03,224.95,224.79,225.38 x 800,225.38 x 800,27964356
237,28-9-2018  11:34:38,225.01,224.95,224.79,225.3800 x 800,225.3800 x 800,27964356
238,28-9-2018  11:35:2,225.03,224.95,224.79,225.25 x 800,225.29 x 800,27964356
239,28-9-2018  11:35:27,225.02,224.95,224.79,225.25 x 800,225.29 x 800,27964356
240,28-9-2018  11:35:51,225.08,224.95,224.79,225.19 x 800,225.21 x 800,27964356
241,28-9-2018  11:36:15,225.05,224.95,224.79,225.19 x 800,225.21 x 800,27964356
242,28-9-2018  11:36:39,225.02,224.95,224.79,225.14 x 800,225.17 x 800,27964356
243,28-9-2018  11:37:3,225.04,224.95,224.79,225.14 x 800,225.17 x 800,27964356
244,28-9-2018  11:37:27,225.005,224.95,224.79,225.300 x 800,225.280 x 800,27964356
245,28-9-2018  11:37:51,225.01,224.95,224.79,225.30 x 800,225.28 x 800,27964356
246,28-9-2018  11:38:16,225.12,224.95,224.79,225.28 x 800,225.29 x 800,27964356
247,28-9-2018  11:38:40,225.03,224.95,224.79,225.28 x 800,225.29 x 800,27964356
248,28-9-2018  11:39:4,225.04,224.95,224.79,225.19 x 800,225.29 x 800,27964356
249,28-9-2018  11:39:28,225.0,224.95,224.79,225.19 x 800,225.17 x 800,27964356
250,28-9-2018  11:39:52,224.99,224.95,224.79,225.12 x 800,225.17 x 800,27964356
251,28-9-2018  11:40:16,225.0,224.95,224.79,225.12 x 800,225.11 x 800,27964356
252,28-9-2018  11:40:40,225.08,224.95,224.79,225.08 x 800,225.11 x 800,27964356
253,28-9-2018  11:41:4,225.02,224.95,224.79,225.08 x 800,225.11 x 800,27964356
254,28-9-2018  11:41:28,225.055,224.95,224.79,225.050 x 800,225.090 x 800,27964356
255,28-9-2018  11:41:52,225.07,224.95,224.79,225.05 x 800,225.06 x 800,27964356
256,28-9-2018  11:42:16,225.02,224.95,224.79,225.03 x 800,225.06 x 800,27964356
257,28-9-2018  11:42:41,225.0,224.95,224.79,225.03 x 800,225.05 x 800,27964356
258,28-9-2018  11:43:5,225.02,224.95,224.79,225.03 x 800,225.05 x 800,27964356
259,28-9-2018  11:43:29,225.02,224.95,224.79,225.03 x 800,225.01 x 1100,27964356
260,28-9-2018  11:43:53,225.01,224.95,224.79,225.03 x 800,225.01 x 1100,27964356
261,28-9-2018  11:44:17,225.01,224.95,224.79,225.03 x 800,225.08 x 1100,27964356
262,28-9-2018  11:44:41,225.0,224.95,224.79,225.08 x 800,225.08 x 1100,27964356
263,28-9-2018  11:45:5,225.08,224.95,224.79,225.08 x 800,225.09 x 1100,27964356
264,28-9-2018  11:45:29,225.07,224.95,224.79,225.10 x 800,225.09 x 1100,27964356
265,28-9-2018  11:45:53,225.06,224.95,224.79,225.10 x 800,225.09 x 1100,27964356
266,28-9-2018  11:46:17,225.1,224.95,224.79,225.0500 x 800,225.0700 x 1100,27964356
267,28-9-2018  11:46:41,225.16,224.95,224.79,225.03 x 800,225.05 x 1100,27964356
268,28-9-2018  11:47:6,225.111,224.95,224.79,225.030 x 800,225.050 x 1100,27964356
269,28-9-2018  11:47:30,225.1765,224.95,224.79,225.0000 x 800,225.0200 x 1100,27964356
270,28-9-2018  11:47:54,225.19,224.95,224.79,225.00 x 800,225.02 x 1100,27964356
271,28-9-2018  11:48:18,225.17,224.95,224.79,224.88 x 1400,224.89 x 1100,27964356
272,28-9-2018  11:48:42,225.17,224.95,224.79,224.88 x 1400,224.89 x 1100,27964356
273,28-9-2018  11:49:6,225.15,224.95,224.79,225.03 x 1400,225.05 x 1100,27964356
274,28-9-2018  11:49:30,225.1,224.95,224.79,225.03 x 1400,225.05 x 1100,27964356
275,28-9-2018  11:49:55,225.16,224.95,224.79,225.00 x 1400,225.01 x 1100,27964356
276,28-9-2018  11:50:19,225.1333,224.95,224.79,225.0000 x 1400,225.0100 x 1100,27964356
277,28-9-2018  11:50:43,225.11,224.95,224.79,225.02 x 1400,225.03 x 1100,27964356
278,28-9-2018  11:51:7,225.12,224.95,224.79,225.02 x 1400,225.03 x 1100,27964356
279,28-9-2018  11:51:31,225.15,224.95,224.79,225.06 x 1400,225.06 x 1100,27964356
280,28-9-2018  11:51:55,225.11,224.95,224.79,225.06 x 1400,225.06 x 1100,27964356
281,28-9-2018  11:52:19,225.1101,224.95,224.79,225.02 x 1400,225.03 x 1100,27964356
282,28-9-2018  11:52:43,225.11,224.95,224.79,225.020 x 1400,225.030 x 1100,27964356
283,28-9-2018  11:53:7,225.08,224.95,224.79,224.99 x 1400,225.01 x 1100,27964356
284,28-9-2018  11:53:31,225.01,224.95,224.79,224.99 x 1400,225.01 x 1100,27964356
285,28-9-2018  11:53:55,225.04,224.95,224.79,225.04 x 1400,225.06 x 1100,27964356
286,28-9-2018  11:54:19,225.06,224.95,224.79,225.040 x 1400,225.060 x 1100,27964356
287,28-9-2018  11:54:43,225.02,224.95,224.79,225.01 x 1400,225.04 x 1100,27964356
288,28-9-2018  11:55:7,225.0302,224.95,224.79,225.0100 x 1400,225.0400 x 1100,27964356
289,28-9-2018  11:55:32,225.0,224.95,224.79,224.99 x 1400,225.01 x 1100,27964356
290,28-9-2018  11:55:56,225.055,224.95,224.79,224.990 x 1400,225.010 x 1100,27964356
291,28-9-2018  11:56:20,225.04,224.95,224.79,225.05 x 1400,225.06 x 1100,27964356
292,28-9-2018  11:56:44,225.01,224.95,224.79,225.05 x 1400,225.06 x 1100,27964356
293,28-9-2018  11:57:8,224.99,224.95,224.79,225.07 x 1400,225.08 x 1100,27964356
294,28-9-2018  11:57:32,225.035,224.95,224.79,225.070 x 1400,225.080 x 1100,27964356
295,28-9-2018  11:57:57,225.04,224.95,224.79,225.00 x 1400,225.01 x 800,27964356
296,28-9-2018  11:58:21,225.06,224.95,224.79,225.00 x 1400,225.01 x 800,27964356
297,28-9-2018  11:58:45,225.06,224.95,224.79,225.00 x 1400,225.02 x 800,27964356
298,28-9-2018  11:59:9,225.08,224.95,224.79,225.00 x 1400,225.02 x 800,27964356
299,28-9-2018  11:59:34,225.04,224.95,224.79,224.99 x 800,225.00 x 900,27964356
300,28-9-2018  11:59:58,225.0,224.95,224.79,224.99 x 800,225.00 x 900,27964356
301,28-9-2018  12:0:22,225.02,224.95,224.79,225.06 x 800,225.07 x 900,27964356
302,28-9-2018  12:0:46,225.01,224.95,224.79,225.06 x 800,225.07 x 900,27964356
303,28-9-2018  12:1:11,225.03,224.95,224.79,225.07 x 800,225.07 x 900,27964356
304,28-9-2018  12:1:35,225.065,224.95,224.79,225.07 x 800,225.08 x 900,27964356
305,28-9-2018  12:1:59,225.01,224.95,224.79,225.13 x 800,225.15 x 900,27964356
306,28-9-2018  12:2:23,224.99,224.95,224.79,225.13 x 800,225.15 x 900,27964356
307,28-9-2018  12:2:47,225.03,224.95,224.79,225.15 x 800,225.17 x 900,27964356
308,28-9-2018  12:3:12,225.03,224.95,224.79,225.15 x 800,225.17 x 900,27964356
309,28-9-2018  12:3:36,225.02,224.95,224.79,225.17 x 800,225.18 x 900,27964356
310,28-9-2018  12:4:1,225.01,224.95,224.79,225.17 x 800,225.18 x 900,27964356
311,28-9-2018  12:4:25,225.03,224.95,224.79,225.15 x 800,225.15 x 900,27964356
312,28-9-2018  12:4:49,225.03,224.95,224.79,225.15 x 800,225.15 x 900,27964356
313,28-9-2018  12:5:14,225.0,224.95,224.79,225.18 x 800,225.19 x 900,27964356
314,28-9-2018  12:5:38,225.009,224.95,224.79,225.180 x 800,225.190 x 900,27964356
315,28-9-2018  12:6:1,225.0129,224.95,224.79,225.1000 x 800,225.1000 x 900,27964356
316,28-9-2018  12:6:26,225.02,224.95,224.79,225.10 x 800,225.10 x 900,27964356
317,28-9-2018  12:6:49,225.02,224.95,224.79,225.12 x 800,225.14 x 900,27964356
318,28-9-2018  12:7:14,225.0575,224.95,224.79,225.12 x 800,225.14 x 900,27964356
319,28-9-2018  12:7:38,225.055,224.95,224.79,225.0900 x 800,225.1200 x 900,27964356
320,28-9-2018  12:8:2,225.0,224.95,224.79,225.09 x 800,225.12 x 900,27964356
321,28-9-2018  12:8:27,225.0083,224.95,224.79,225.07 x 800,225.08 x 900,27964356
322,28-9-2018  12:8:51,225.0,224.95,224.79,225.02 x 800,225.08 x 900,27964356
323,28-9-2018  12:9:15,225.06,224.95,224.79,225.02 x 800,225.05 x 900,27964356
324,28-9-2018  12:9:40,225.1,224.95,224.79,225.0200 x 800,225.0500 x 900,27964356
325,28-9-2018  12:10:4,225.1345,224.95,224.79,225.0200 x 800,225.0200 x 900,27964356
326,28-9-2018  12:10:28,225.13,224.95,224.79,225.00 x 800,225.02 x 900,27964356
327,28-9-2018  12:10:52,225.178,224.95,224.79,225.000 x 800,225.010 x 900,27964356
328,28-9-2018  12:11:16,225.16,224.95,224.79,225.00 x 800,225.01 x 900,27964356
329,28-9-2018  12:11:40,225.17,224.95,224.79,225.05 x 800,225.05 x 900,27964356
330,28-9-2018  12:12:4,225.15,224.95,224.79,225.05 x 800,225.05 x 900,27964356
331,28-9-2018  12:12:28,225.16,224.95,224.79,225.010 x 800,225.010 x 900,27964356
332,28-9-2018  12:12:52,225.15,224.95,224.79,225.05 x 800,225.01 x 900,27964356
333,28-9-2018  12:13:16,225.1611,224.95,224.79,225.0500 x 800,225.0400 x 900,27964356
334,28-9-2018  12:13:40,225.18,224.95,224.79,225.03 x 800,225.04 x 900,27964356
335,28-9-2018  12:14:4,225.17,224.95,224.79,225.03 x 800,225.04 x 900,27964356
336,28-9-2018  12:14:29,225.17,224.95,224.79,225.03 x 800,225.04 x 900,27964356
337,28-9-2018  12:14:53,225.16,224.95,224.79,225.03 x 800,225.04 x 900,27964356
338,28-9-2018  12:15:17,225.16,224.95,224.79,224.99 x 800,225.00 x 900,27964356
339,28-9-2018  12:15:42,225.1947,224.95,224.79,224.99 x 800,225.00 x 900,27964356
340,28-9-2018  12:16:6,225.19,224.95,224.79,224.99 x 800,225.01 x 900,27964356
341,28-9-2018  12:16:30,225.11,224.95,224.79,224.99 x 800,225.01 x 900,27964356
342,28-9-2018  12:16:54,225.13,224.95,224.79,225.07 x 1000,225.07 x 900,27964356
343,28-9-2018  12:17:18,225.08,224.95,224.79,225.0700 x 1000,225.0700 x 900,27964356
344,28-9-2018  12:17:42,225.0662,224.95,224.79,225.0000 x 1000,225.0200 x 900,27964356
345,28-9-2018  12:18:6,225.05,224.95,224.79,225.000 x 1000,225.020 x 900,27964356
346,28-9-2018  12:18:30,225.02,224.95,224.79,225.02 x 1000,225.03 x 900,27964356
347,28-9-2018  12:18:54,224.99,224.95,224.79,225.02 x 1000,225.03 x 900,27964356
348,28-9-2018  12:19:18,225.02,224.95,224.79,225.02 x 1000,225.03 x 900,27964356
349,28-9-2018  12:19:42,225.03,224.95,224.79,225.04 x 1000,225.05 x 900,27964356
350,28-9-2018  12:20:6,225.0199,224.95,224.79,225.0400 x 1000,225.0500 x 900,27964356
351,28-9-2018  12:20:30,225.01,224.95,224.79,225.01 x 1000,225.03 x 900,27964356
352,28-9-2018  12:20:54,225.02,224.95,224.79,225.01 x 1000,225.02 x 900,27964356
353,28-9-2018  12:21:18,225.0,224.95,224.79,225.010 x 1000,225.020 x 900,27964356
354,28-9-2018  12:21:43,225.02,224.95,224.79,225.01 x 1000,225.02 x 900,27964356
355,28-9-2018  12:22:7,225.02,224.95,224.79,225.02 x 1000,225.02 x 900,27964356
356,28-9-2018  12:22:31,225.0,224.95,224.79,225.02 x 1000,225.09 x 900,27964356
357,28-9-2018  12:22:55,225.0,224.95,224.79,225.0400 x 1000,225.0900 x 900,27964356
358,28-9-2018  12:23:19,224.99,224.95,224.79,225.04 x 1000,225.02 x 900,27964356
359,28-9-2018  12:23:43,225.05,224.95,224.79,225.00 x 1000,225.02 x 900,27964356
360,28-9-2018  12:24:8,225.04,224.95,224.79,225.00 x 1000,225.02 x 900,27964356
361,28-9-2018  12:24:32,225.03,224.95,224.79,225.06 x 1000,225.02 x 900,27964356
362,28-9-2018  12:24:56,225.0178,224.95,224.79,225.0600 x 1000,225.1000 x 900,27964356
363,28-9-2018  12:25:21,225.0,224.95,224.79,225.11 x 1000,225.10 x 900,27964356
364,28-9-2018  12:25:45,225.02,224.95,224.79,225.1100 x 1000,225.1300 x 900,27964356
365,28-9-2018  12:26:9,225.0,224.95,224.79,225.16 x 1000,225.13 x 900,27964356
366,28-9-2018  12:26:33,225.0,224.95,224.79,225.16 x 1000,225.17 x 900,27964356
367,28-9-2018  12:26:58,225.01,224.95,224.79,225.16 x 1000,225.17 x 900,27964356
368,28-9-2018  12:27:22,225.03,224.95,224.79,225.16 x 1000,225.17 x 900,27964356
369,28-9-2018  12:27:46,225.09,224.95,224.79,225.14 x 1000,225.17 x 900,27964356
370,28-9-2018  12:28:10,225.02,224.95,224.79,225.14 x 1000,225.16 x 900,27964356
371,28-9-2018  12:28:34,225.02,224.95,224.79,225.1400 x 1000,225.1600 x 900,27964356
372,28-9-2018  12:28:58,225.02,224.95,224.79,225.16 x 1000,225.18 x 900,27964356
373,28-9-2018  12:29:22,225.03,224.95,224.79,225.18 x 1000,225.18 x 900,27964356
374,28-9-2018  12:29:47,225.05,224.95,224.79,225.1800 x 1000,225.1700 x 900,27964356
375,28-9-2018  12:30:11,225.1,224.95,224.79,225.15 x 1000,225.17 x 900,27964356
376,28-9-2018  12:30:35,225.07,224.95,224.79,225.1500 x 1000,225.1800 x 900,27964356
377,28-9-2018  12:30:59,225.06,224.95,224.79,225.15 x 1000,225.18 x 900,27964356
378,28-9-2018  12:31:23,225.0699,224.95,224.79,225.17 x 1000,225.16 x 900,27964356
379,28-9-2018  12:31:47,225.1,224.95,224.79,225.13 x 1000,225.16 x 900,27964356
380,28-9-2018  12:32:12,225.0658,224.95,224.79,225.1300 x 1000,225.1100 x 900,27964356
381,28-9-2018  12:32:36,225.01,224.95,224.79,225.13 x 1000,225.11 x 900,27964356
382,28-9-2018  12:33:0,225.03,224.95,224.79,225.07 x 1000,225.05 x 900,27964356
383,28-9-2018  12:33:24,225.0,224.95,224.79,225.03 x 1000,225.05 x 900,27964356
384,28-9-2018  12:33:48,225.07,224.95,224.79,225.03 x 1000,225.02 x 900,27964356
385,28-9-2018  12:34:12,225.05,224.95,224.79,224.99 x 1000,225.02 x 900,27964356
386,28-9-2018  12:34:37,225.0201,224.95,224.79,224.99 x 1000,225.02 x 900,27964356
387,28-9-2018  12:35:1,225.01,224.95,224.79,224.990 x 1000,225.020 x 900,27964356
388,28-9-2018  12:35:25,225.01,224.95,224.79,224.9900 x 1000,225.0200 x 900,27964356
389,28-9-2018  12:35:49,225.03,224.95,224.79,225.00 x 1000,225.01 x 1400,27964356
390,28-9-2018  12:36:13,225.03,224.95,224.79,225.02 x 1000,225.03 x 1400,27964356
391,28-9-2018  12:36:38,225.02,224.95,224.79,225.02 x 1000,225.03 x 1400,27964356
392,28-9-2018  12:37:2,225.0482,224.95,224.79,225.0200 x 1000,225.0200 x 1400,27964356
393,28-9-2018  12:37:26,225.019,224.95,224.79,225.020 x 1000,225.020 x 1400,27964356
394,28-9-2018  12:37:50,225.07,224.95,224.79,224.99 x 1000,225.01 x 1400,27964356
395,28-9-2018  12:38:14,225.08,224.95,224.79,224.99 x 1000,225.01 x 1400,27964356
396,28-9-2018  12:38:38,225.05,224.95,224.79,225.00 x 41800,225.00 x 1400,27964356
397,28-9-2018  12:39:2,225.045,224.95,224.79,225.000 x 41800,225.000 x 1400,27964356
398,28-9-2018  12:39:27,225.01,224.95,224.79,225.01 x 41800,225.02 x 1400,27964356
399,28-9-2018  12:39:51,225.02,224.95,224.79,225.01 x 41800,225.02 x 1400,27964356
400,28-9-2018  12:40:15,225.02,224.95,224.79,225.00 x 41800,225.01 x 1400,27964356
401,28-9-2018  12:40:39,225.012,224.95,224.79,225.000 x 41800,225.010 x 1400,27964356
402,28-9-2018  12:41:3,224.99,224.95,224.79,225.01 x 41800,225.02 x 1400,27964356
403,28-9-2018  12:41:27,225.0069,224.95,224.79,225.0100 x 41800,225.0200 x 1400,27964356
404,28-9-2018  12:41:51,224.9,224.95,224.79,225.010 x 800,225.020 x 800,27964356
405,28-9-2018  12:42:15,224.93,224.95,224.79,225.01 x 800,225.02 x 800,27964356
406,28-9-2018  12:42:40,224.78,224.95,224.79,225.06 x 800,225.07 x 800,27964356
407,28-9-2018  12:43:4,224.87,224.95,224.79,225.060 x 800,225.070 x 800,27964356
408,28-9-2018  12:43:28,224.85,224.95,224.79,224.9900 x 800,225.0000 x 800,27964356
409,28-9-2018  12:43:52,224.85,224.95,224.79,224.9900 x 800,225.0000 x 800,27964356
410,28-9-2018  12:44:17,224.88,224.95,224.79,225.02 x 800,225.05 x 800,27964356
411,28-9-2018  12:44:41,224.83,224.95,224.79,225.02 x 800,225.05 x 800,27964356
412,28-9-2018  12:45:5,224.7,224.95,224.79,225.06 x 800,225.06 x 800,27964356
413,28-9-2018  12:45:29,224.62,224.95,224.79,225.06 x 800,225.06 x 800,27964356
414,28-9-2018  12:45:53,224.63,224.95,224.79,225.08 x 800,225.09 x 800,27964356
415,28-9-2018  12:46:17,224.6,224.95,224.79,225.08 x 800,225.09 x 800,27964356
416,28-9-2018  12:46:42,224.7104,224.95,224.79,225.09 x 800,225.12 x 800,27964356
417,28-9-2018  12:47:6,224.76,224.95,224.79,225.09 x 800,225.12 x 800,27964356
418,28-9-2018  12:47:30,224.64,224.95,224.79,225.060 x 800,225.070 x 800,27964356
419,28-9-2018  12:47:55,224.61,224.95,224.79,225.06 x 800,225.07 x 800,27964356
