,time,Main Price,Prev Close,Open,Bid,Ask,Volume
1,28-9-2018  9:59:38,1188.39,1194.64,1191.87,1188.26 x 1000,1189.09 x 800,1414690
2,28-9-2018  10:0:2,1189.01,1194.64,1191.87,1188.26 x 1000,1189.09 x 800,1414690
3,28-9-2018  10:0:27,1188.925,1194.64,1191.87,1188.26 x 1000,1189.09 x 800,1414690
4,28-9-2018  10:0:51,1188.99,1194.64,1191.87,1189.54 x 1000,1189.34 x 800,1414690
5,28-9-2018  10:1:15,1188.99,1194.64,1191.87,1188.05 x 1000,1188.98 x 800,1414690
6,28-9-2018  10:1:39,1190.99,1194.64,1191.87,1188.05 x 1000,1188.98 x 800,1414690
7,28-9-2018  10:2:4,1191.05,1194.64,1191.87,1188.05 x 1000,1187.89 x 800,1414690
8,28-9-2018  10:2:28,1191.1459,1194.64,1191.87,1186.9900 x 1000,1187.8900 x 800,1414690
9,28-9-2018  10:2:52,1191.25,1194.64,1191.87,1186.64 x 1000,1187.32 x 800,1414690
10,28-9-2018  10:3:16,1191.12,1194.64,1191.87,1186.64 x 1000,1188.76 x 800,1414690
11,28-9-2018  10:3:40,1191.12,1194.64,1191.87,1188.74 x 1000,1188.76 x 800,1414690
12,28-9-2018  10:4:4,1191.37,1194.64,1191.87,1188.74 x 1000,1188.76 x 800,1414690
13,28-9-2018  10:4:29,1190.76,1194.64,1191.87,1188.740 x 1000,1188.760 x 800,1414690
14,28-9-2018  10:4:53,1189.86,1194.64,1191.87,1188.50 x 1000,1189.47 x 800,1414690
15,28-9-2018  10:5:17,1189.98,1194.64,1191.87,1187.21 x 1000,1187.99 x 800,1414690
16,28-9-2018  10:5:41,1189.1415,1194.64,1191.87,1187.2100 x 1000,1187.2700 x 800,1414690
17,28-9-2018  10:6:5,1189.14,1194.64,1191.87,1187.16 x 1000,1187.27 x 800,1414690
18,28-9-2018  10:6:29,1189.14,1194.64,1191.87,1187.16 x 1000,1187.99 x 800,1414690
19,28-9-2018  10:6:53,1188.31,1194.64,1191.87,1187.11 x 1000,1187.99 x 800,1414690
20,28-9-2018  10:7:18,1188.78,1194.64,1191.87,1187.180 x 1000,1187.610 x 800,1414690
21,28-9-2018  10:7:42,1188.99,1194.64,1191.87,1187.1801 x 1000,1187.6100 x 800,1414690
22,28-9-2018  10:8:6,1189.13,1194.64,1191.87,1187.1801 x 1000,1187.6100 x 800,1414690
23,28-9-2018  10:8:30,1189.13,1194.64,1191.87,1187.41 x 1000,1188.39 x 800,1414690
24,28-9-2018  10:8:54,1188.63,1194.64,1191.87,1187.410 x 1000,1188.270 x 800,1414690
25,28-9-2018  10:9:19,1188.5,1194.64,1191.87,1187.41 x 1000,1188.27 x 800,1414690
26,28-9-2018  10:9:43,1188.28,1194.64,1191.87,1187.41 x 1000,1188.27 x 800,1414690
27,28-9-2018  10:10:7,1188.07,1194.64,1191.87,1187.41 x 1000,1188.27 x 800,1414690
28,28-9-2018  10:10:31,1186.8,1194.64,1191.87,1187.000 x 1000,1187.740 x 800,1414690
29,28-9-2018  10:10:55,1186.98,1194.64,1191.87,1187.00 x 1000,1187.74 x 800,1414690
30,28-9-2018  10:11:19,1186.98,1194.64,1191.87,1186.08 x 1000,1186.56 x 800,1414690
31,28-9-2018  10:11:43,1187.04,1194.64,1191.87,1186.08 x 1000,1186.56 x 800,1414690
32,28-9-2018  10:12:7,1187.04,1194.64,1191.87,1186.900 x 1000,1187.800 x 800,1414690
33,28-9-2018  10:12:31,1186.79,1194.64,1191.87,1186.90 x 1000,1187.80 x 800,1414690
34,28-9-2018  10:12:56,1186.54,1194.64,1191.87,1186.89 x 1000,1187.58 x 800,1414690
35,28-9-2018  10:13:20,1186.57,1194.64,1191.87,1186.89 x 1000,1187.58 x 800,1414690
36,28-9-2018  10:13:44,1186.57,1194.64,1191.87,1187.97 x 1000,1188.13 x 800,1414690
37,28-9-2018  10:14:9,1186.57,1194.64,1191.87,1187.97 x 1000,1188.13 x 800,1414690
38,28-9-2018  10:14:32,1186.84,1194.64,1191.87,1187.97 x 1000,1188.13 x 800,1414690
39,28-9-2018  10:14:57,1186.52,1194.64,1191.87,1188.38 x 1000,1189.21 x 800,1414690
40,28-9-2018  10:15:21,1187.33,1194.64,1191.87,1189.000 x 1000,1189.990 x 800,1414690
41,28-9-2018  10:15:45,1187.33,1194.64,1191.87,1189.00 x 1000,1189.99 x 800,1414690
42,28-9-2018  10:16:9,1187.73,1194.64,1191.87,1188.81 x 1000,1189.51 x 800,1414690
43,28-9-2018  10:16:33,1187.73,1194.64,1191.87,1190.01 x 1000,1190.72 x 800,1414690
44,28-9-2018  10:16:57,1187.0,1194.64,1191.87,1190.01 x 1000,1190.72 x 800,1414690
45,28-9-2018  10:17:21,1187.6,1194.64,1191.87,1190.01 x 1000,1190.72 x 800,1414690
46,28-9-2018  10:17:45,1187.6,1194.64,1191.87,1190.01 x 1000,1190.72 x 800,1414690
47,28-9-2018  10:18:10,1187.6,1194.64,1191.87,1190.8000 x 1000,1191.7100 x 800,1414690
48,28-9-2018  10:18:34,1187.8,1194.64,1191.87,1190.80 x 1000,1191.71 x 800,1414690
49,28-9-2018  10:18:58,1188.33,1194.64,1191.87,1190.80 x 1000,1191.71 x 800,1414690
50,28-9-2018  10:19:22,1188.33,1194.64,1191.87,1190.80 x 1000,1191.71 x 800,1414690
51,28-9-2018  10:19:46,1188.735,1194.64,1191.87,1190.19 x 1000,1191.44 x 800,1414690
52,28-9-2018  10:20:10,1188.64,1194.64,1191.87,1190.19 x 1000,1190.03 x 800,1414690
53,28-9-2018  10:20:35,1188.79,1194.64,1191.87,1190.19 x 1000,1190.03 x 800,1414690
54,28-9-2018  10:20:59,1188.035,1194.64,1191.87,1188.690 x 1000,1190.030 x 800,1414690
55,28-9-2018  10:21:24,1188.02,1194.64,1191.87,1188.69 x 1000,1190.03 x 800,1414690
56,28-9-2018  10:21:47,1188.02,1194.64,1191.87,1188.70 x 1000,1189.22 x 800,1414690
57,28-9-2018  10:22:11,1187.58,1194.64,1191.87,1188.26 x 1000,1189.15 x 800,1414690
58,28-9-2018  10:22:36,1188.12,1194.64,1191.87,1188.26 x 1000,1189.15 x 800,1414690
59,28-9-2018  10:23:0,1187.64,1194.64,1191.87,1189.11 x 1000,1189.13 x 800,1414690
60,28-9-2018  10:23:24,1185.965,1194.64,1191.87,1189.110 x 1000,1189.130 x 800,1414690
61,28-9-2018  10:23:48,1185.965,1194.64,1191.87,1189.11 x 1000,1189.13 x 800,1414690
62,28-9-2018  10:24:12,1187.46,1194.64,1191.87,1189.06 x 1000,1189.85 x 800,1414690
63,28-9-2018  10:24:36,1187.5458,1194.64,1191.87,1189.0601 x 1000,1189.8500 x 800,1414690
64,28-9-2018  10:25:1,1188.55,1194.64,1191.87,1188.27 x 1000,1189.19 x 800,1414690
65,28-9-2018  10:25:25,1188.55,1194.64,1191.87,1188.27 x 1000,1189.19 x 800,1414690
66,28-9-2018  10:25:49,1188.55,1194.64,1191.87,1187.510 x 1000,1188.700 x 800,1414690
67,28-9-2018  10:26:13,1188.22,1194.64,1191.87,1186.98 x 1000,1187.74 x 800,1414690
68,28-9-2018  10:26:37,1189.17,1194.64,1191.87,1186.98 x 1000,1187.74 x 800,1414690
69,28-9-2018  10:27:1,1188.615,1194.64,1191.87,1186.980 x 1000,1187.740 x 800,1414690
70,28-9-2018  10:27:25,1189.05,1194.64,1191.87,1186.38 x 1000,1187.54 x 800,1414690
71,28-9-2018  10:27:49,1189.74,1194.64,1191.87,1186.38 x 1000,1187.54 x 800,1414690
72,28-9-2018  10:28:14,1190.18,1194.64,1191.87,1186.77 x 1000,1186.59 x 800,1414690
73,28-9-2018  10:28:38,1190.18,1194.64,1191.87,1185.97 x 1000,1187.71 x 800,1414690
74,28-9-2018  10:29:2,1189.48,1194.64,1191.87,1185.97 x 1000,1187.71 x 800,1414690
75,28-9-2018  10:29:27,1189.48,1194.64,1191.87,1185.97 x 1000,1187.71 x 800,1414690
76,28-9-2018  10:29:52,1189.16,1194.64,1191.87,1186.50 x 1000,1186.99 x 800,1414690
77,28-9-2018  10:30:16,1189.4299,1194.64,1191.87,1186.6899 x 1000,1186.9900 x 800,1414690
78,28-9-2018  10:30:40,1189.03,1194.64,1191.87,1186.69 x 1000,1186.99 x 800,1414690
79,28-9-2018  10:31:4,1189.32,1194.64,1191.87,1187.20 x 1000,1188.31 x 800,1414690
80,28-9-2018  10:31:28,1189.32,1194.64,1191.87,1187.20 x 1000,1188.06 x 800,1414690
81,28-9-2018  10:31:53,1189.92,1194.64,1191.87,1187.13 x 1000,1188.06 x 800,1414690
82,28-9-2018  10:32:17,1189.02,1194.64,1191.87,1187.13 x 1000,1187.88 x 800,1414690
83,28-9-2018  10:32:41,1189.02,1194.64,1191.87,1187.13 x 1000,1187.88 x 800,1414690
84,28-9-2018  10:33:5,1188.29,1194.64,1191.87,1187.13 x 1000,1187.88 x 800,1414690
85,28-9-2018  10:33:29,1187.85,1194.64,1191.87,1187.81 x 1000,1188.78 x 800,1414690
86,28-9-2018  10:33:53,1187.85,1194.64,1191.87,1187.81 x 1000,1188.78 x 800,1414690
87,28-9-2018  10:34:17,1188.15,1194.64,1191.87,1187.93 x 1000,1188.94 x 800,1414690
88,28-9-2018  10:34:41,1188.875,1194.64,1191.87,1187.930 x 1000,1189.180 x 800,1414690
89,28-9-2018  10:35:6,1188.36,1194.64,1191.87,1187.93 x 1000,1189.18 x 800,1414690
90,28-9-2018  10:35:30,1188.36,1194.64,1191.87,1188.46 x 1000,1189.18 x 800,1414690
91,28-9-2018  10:35:54,1188.44,1194.64,1191.87,1188.58 x 1000,1189.01 x 800,1414690
92,28-9-2018  10:36:18,1188.44,1194.64,1191.87,1188.58 x 1000,1188.45 x 800,1414690
93,28-9-2018  10:36:42,1188.44,1194.64,1191.87,1187.77 x 1000,1188.45 x 800,1414690
94,28-9-2018  10:37:6,1188.44,1194.64,1191.87,1187.77 x 1000,1188.36 x 800,1414690
95,28-9-2018  10:37:31,1188.32,1194.64,1191.87,1187.77 x 1000,1188.36 x 800,1414690
96,28-9-2018  10:37:54,1188.32,1194.64,1191.87,1187.37 x 1000,1189.01 x 800,1414690
97,28-9-2018  10:38:19,1188.66,1194.64,1191.87,1187.48 x 1000,1189.01 x 800,1414690
98,28-9-2018  10:38:43,1189.0,1194.64,1191.87,1187.48 x 1000,1186.34 x 800,1414690
99,28-9-2018  10:39:7,1190.33,1194.64,1191.87,1187.48 x 1000,1189.01 x 800,1414690
100,28-9-2018  10:39:31,1190.78,1194.64,1191.87,1186.20 x 1000,1187.45 x 800,1414690
101,28-9-2018  10:39:55,1190.09,1194.64,1191.87,1187.07 x 1000,1187.45 x 800,1414690
102,28-9-2018  10:40:20,1190.32,1194.64,1191.87,1187.07 x 1000,1187.45 x 800,1414690
103,28-9-2018  10:40:44,1189.8,1194.64,1191.87,1187.07 x 1000,1187.45 x 800,1414690
104,28-9-2018  10:41:8,1189.52,1194.64,1191.87,1187.98 x 1000,1188.81 x 800,1414690
105,28-9-2018  10:41:32,1189.24,1194.64,1191.87,1187.31 x 1000,1188.81 x 800,1414690
106,28-9-2018  10:41:56,1189.2848,1194.64,1191.87,1187.890 x 1000,1189.380 x 800,1414690
107,28-9-2018  10:42:20,1189.28,1194.64,1191.87,1187.890 x 1000,1189.380 x 800,1414690
108,28-9-2018  10:42:45,1189.75,1194.64,1191.87,1187.89 x 1000,1189.09 x 800,1414690
109,28-9-2018  10:43:9,1189.45,1194.64,1191.87,1187.89 x 1000,1189.09 x 800,1414690
110,28-9-2018  10:43:33,1189.5781,1194.64,1191.87,1189.3199 x 1000,1189.0900 x 800,1414690
111,28-9-2018  10:43:57,1189.58,1194.64,1191.87,1189.32 x 1000,1190.44 x 800,1414690
112,28-9-2018  10:44:21,1189.36,1194.64,1191.87,1189.32 x 1000,1190.44 x 800,1414690
113,28-9-2018  10:44:45,1190.02,1194.64,1191.87,1189.00 x 1000,1190.17 x 800,1414690
114,28-9-2018  10:45:10,1190.465,1194.64,1191.87,1189.000 x 1000,1190.170 x 800,1414690
115,28-9-2018  10:45:34,1190.44,1194.64,1191.87,1188.63 x 1000,1189.43 x 800,1414690
116,28-9-2018  10:45:58,1190.44,1194.64,1191.87,1188.63 x 1000,1189.31 x 800,1414690
117,28-9-2018  10:46:22,1191.15,1194.64,1191.87,1188.63 x 1000,1189.31 x 800,1414690
118,28-9-2018  10:46:46,1190.68,1194.64,1191.87,1188.63 x 1000,1189.31 x 800,1414690
119,28-9-2018  10:47:11,1190.685,1194.64,1191.87,1189.560 x 1000,1189.650 x 800,1414690
120,28-9-2018  10:47:35,1190.65,1194.64,1191.87,1189.56 x 1000,1189.64 x 800,1414690
121,28-9-2018  10:47:59,1190.65,1194.64,1191.87,1188.63 x 1000,1189.64 x 800,1414690
122,28-9-2018  10:48:23,1191.0,1194.64,1191.87,1188.63 x 1000,1189.64 x 800,1414690
123,28-9-2018  10:48:47,1191.8,1194.64,1191.87,1188.63 x 1000,1189.64 x 800,1414690
124,28-9-2018  10:49:11,1191.2,1194.64,1191.87,1187.77 x 1000,1188.47 x 800,1414690
125,28-9-2018  10:49:35,1191.535,1194.64,1191.87,1187.700 x 1000,1188.210 x 800,1414690
126,28-9-2018  10:50:0,1191.54,1194.64,1191.87,1187.70 x 1000,1188.21 x 800,1414690
127,28-9-2018  10:50:24,1192.46,1194.64,1191.87,1187.70 x 1000,1188.21 x 800,1414690
128,28-9-2018  10:50:48,1192.67,1194.64,1191.87,1187.69 x 1000,1188.64 x 800,1414690
129,28-9-2018  10:51:12,1192.05,1194.64,1191.87,1187.69 x 1000,1188.64 x 800,1414690
130,28-9-2018  10:51:37,1192.55,1194.64,1191.87,1187.99 x 1000,1188.65 x 800,1414690
131,28-9-2018  10:52:1,1192.05,1194.64,1191.87,1187.99 x 1000,1188.33 x 800,1414690
132,28-9-2018  10:52:25,1192.05,1194.64,1191.87,1187.99 x 1000,1188.33 x 800,1414690
133,28-9-2018  10:52:49,1191.92,1194.64,1191.87,1187.74 x 1000,1188.33 x 800,1414690
134,28-9-2018  10:53:13,1191.92,1194.64,1191.87,1188.18 x 1000,1188.50 x 800,1414690
135,28-9-2018  10:53:37,1192.6,1194.64,1191.87,1188.18 x 1000,1189.00 x 800,1414690
136,28-9-2018  10:54:1,1192.6,1194.64,1191.87,1189.12 x 1000,1189.00 x 800,1414690
137,28-9-2018  10:54:26,1192.11,1194.64,1191.87,1189.12 x 1000,1189.00 x 800,1414690
138,28-9-2018  10:54:50,1192.11,1194.64,1191.87,1190.32 x 1000,1190.66 x 800,1414690
139,28-9-2018  10:55:15,1191.43,1194.64,1191.87,1190.32 x 1000,1190.66 x 800,1414690
140,28-9-2018  10:55:40,1191.29,1194.64,1191.87,1189.77 x 1000,1190.93 x 800,1414690
141,28-9-2018  10:56:4,1191.4,1194.64,1191.87,1189.77 x 1000,1190.93 x 800,1414690
142,28-9-2018  10:56:29,1191.35,1194.64,1191.87,1189.21 x 1000,1190.12 x 800,1414690
143,28-9-2018  10:56:53,1191.7,1194.64,1191.87,1189.21 x 1000,1190.12 x 800,1414690
144,28-9-2018  10:57:18,1191.9,1194.64,1191.87,1189.21 x 1000,1190.12 x 800,1414690
145,28-9-2018  10:57:42,1191.9,1194.64,1191.87,1189.10 x 1000,1189.75 x 800,1414690
146,28-9-2018  10:58:6,1191.9,1194.64,1191.87,1189.10 x 1000,1189.75 x 800,1414690
147,28-9-2018  10:58:30,1191.85,1194.64,1191.87,1189.23 x 1000,1189.70 x 800,1414690
148,28-9-2018  10:58:54,1191.48,1194.64,1191.87,1189.23 x 1000,1189.70 x 800,1414690
149,28-9-2018  10:59:19,1191.46,1194.64,1191.87,1189.28 x 1000,1189.97 x 800,1414690
150,28-9-2018  10:59:43,1191.84,1194.64,1191.87,1189.38 x 1000,1189.97 x 800,1414690
151,28-9-2018  11:0:6,1191.76,1194.64,1191.87,1189.38 x 1000,1189.97 x 800,1414690
152,28-9-2018  11:0:31,1192.245,1194.64,1191.87,1190.090 x 1000,1190.440 x 800,1414690
153,28-9-2018  11:0:55,1192.24,1194.64,1191.87,1190.09 x 1000,1190.75 x 800,1414690
154,28-9-2018  11:1:19,1192.32,1194.64,1191.87,1190.090 x 1000,1190.750 x 800,1414690
155,28-9-2018  11:1:43,1192.56,1194.64,1191.87,1190.41 x 1000,1191.01 x 800,1414690
156,28-9-2018  11:2:8,1192.24,1194.64,1191.87,1190.64 x 1000,1191.01 x 800,1414690
157,28-9-2018  11:2:32,1192.37,1194.64,1191.87,1190.64 x 1000,1191.01 x 800,1414690
158,28-9-2018  11:2:56,1191.67,1194.64,1191.87,1190.22 x 1000,1190.69 x 800,1414690
159,28-9-2018  11:3:20,1191.999,1194.64,1191.87,1190.220 x 1000,1190.690 x 800,1414690
160,28-9-2018  11:3:44,1191.53,1194.64,1191.87,1190.65 x 1000,1190.85 x 800,1414690
161,28-9-2018  11:4:7,1191.53,1194.64,1191.87,1190.65 x 1000,1191.64 x 800,1414690
162,28-9-2018  11:4:32,1191.7,1194.64,1191.87,1190.65 x 1000,1191.64 x 800,1414690
163,28-9-2018  11:4:56,1191.7,1194.64,1191.87,1190.6600 x 1000,1191.6400 x 800,1414690
164,28-9-2018  11:5:20,1191.7,1194.64,1191.87,1190.6600 x 1000,1191.6400 x 800,1414690
165,28-9-2018  11:5:44,1191.85,1194.64,1191.87,1191.64 x 1000,1192.62 x 800,1414690
166,28-9-2018  11:6:8,1191.85,1194.64,1191.87,1191.960 x 1000,1192.710 x 800,1414690
167,28-9-2018  11:6:32,1191.58,1194.64,1191.87,1191.60 x 1000,1192.15 x 800,1414690
168,28-9-2018  11:6:56,1192.21,1194.64,1191.87,1191.60 x 1000,1192.15 x 800,1414690
169,28-9-2018  11:7:20,1192.8,1194.64,1191.87,1191.60 x 1000,1192.15 x 800,1414690
170,28-9-2018  11:7:44,1192.74,1194.64,1191.87,1191.59 x 1000,1192.51 x 800,1414690
171,28-9-2018  11:8:8,1193.23,1194.64,1191.87,1191.98 x 1000,1192.36 x 800,1414690
172,28-9-2018  11:8:33,1193.13,1194.64,1191.87,1191.98 x 1000,1192.36 x 800,1414690
173,28-9-2018  11:8:57,1193.16,1194.64,1191.87,1191.98 x 1000,1192.36 x 800,1414690
174,28-9-2018  11:9:21,1193.16,1194.64,1191.87,1192.28 x 1000,1192.57 x 800,1414690
175,28-9-2018  11:9:45,1193.16,1194.64,1191.87,1192.28 x 1000,1192.57 x 800,1414690
176,28-9-2018  11:10:9,1193.34,1194.64,1191.87,1191.71 x 1000,1192.34 x 800,1414690
177,28-9-2018  11:10:33,1193.34,1194.64,1191.87,1191.71 x 1000,1192.34 x 800,1414690
178,28-9-2018  11:10:57,1193.15,1194.64,1191.87,1191.120 x 1000,1191.470 x 800,1414690
179,28-9-2018  11:11:21,1193.53,1194.64,1191.87,1191.12 x 1000,1191.47 x 800,1414690
180,28-9-2018  11:11:46,1193.74,1194.64,1191.87,1191.01 x 1000,1191.63 x 800,1414690
181,28-9-2018  11:12:10,1193.74,1194.64,1191.87,1191.38 x 1000,1192.20 x 800,1414690
182,28-9-2018  11:12:34,1193.25,1194.64,1191.87,1191.38 x 1000,1192.20 x 800,1414690
183,28-9-2018  11:12:58,1192.59,1194.64,1191.87,1191.38 x 1000,1192.20 x 800,1414690
184,28-9-2018  11:13:22,1193.095,1194.64,1191.87,1191.750 x 1000,1192.270 x 800,1414690
185,28-9-2018  11:13:46,1192.85,1194.64,1191.87,1191.590 x 1000,1192.270 x 800,1414690
186,28-9-2018  11:14:10,1192.26,1194.64,1191.87,1191.59 x 1000,1192.27 x 800,1414690
187,28-9-2018  11:14:34,1192.24,1194.64,1191.87,1191.11 x 1000,1191.63 x 800,1414690
188,28-9-2018  11:14:58,1192.62,1194.64,1191.87,1191.11 x 1000,1191.63 x 800,1414690
189,28-9-2018  11:15:22,1192.48,1194.64,1191.87,1191.11 x 1000,1192.26 x 800,1414690
190,28-9-2018  11:15:47,1191.41,1194.64,1191.87,1191.27 x 1000,1192.26 x 800,1414690
191,28-9-2018  11:16:12,1191.39,1194.64,1191.87,1192.020 x 1000,1192.280 x 800,1414690
192,28-9-2018  11:16:36,1191.205,1194.64,1191.87,1192.020 x 1000,1192.280 x 800,1414690
193,28-9-2018  11:17:0,1190.88,1194.64,1191.87,1192.02 x 1000,1192.52 x 800,1414690
194,28-9-2018  11:17:25,1191.01,1194.64,1191.87,1192.02 x 1000,1192.52 x 800,1414690
195,28-9-2018  11:17:49,1191.06,1194.64,1191.87,1192.24 x 1000,1192.38 x 800,1414690
196,28-9-2018  11:18:12,1191.0,1194.64,1191.87,1192.05 x 1000,1192.50 x 800,1414690
197,28-9-2018  11:18:37,1190.9301,1194.64,1191.87,1192.0500 x 1000,1192.5000 x 800,1414690
198,28-9-2018  11:19:1,1190.93,1194.64,1191.87,1191.25 x 1000,1191.84 x 800,1414690
199,28-9-2018  11:19:25,1190.725,1194.64,1191.87,1191.25 x 1000,1191.67 x 800,1414690
200,28-9-2018  11:19:49,1190.725,1194.64,1191.87,1191.250 x 1000,1191.840 x 800,1414690
201,28-9-2018  11:20:13,1190.5,1194.64,1191.87,1191.46 x 1000,1191.67 x 800,1414690
202,28-9-2018  11:20:37,1190.5,1194.64,1191.87,1191.57 x 1000,1192.10 x 800,1414690
203,28-9-2018  11:21:1,1190.5,1194.64,1191.87,1191.460 x 1000,1191.670 x 800,1414690
204,28-9-2018  11:21:25,1190.674,1194.64,1191.87,1191.790 x 1000,1192.200 x 800,1414690
205,28-9-2018  11:21:49,1190.57,1194.64,1191.87,1191.79 x 1000,1192.20 x 800,1414690
206,28-9-2018  11:22:13,1191.03,1194.64,1191.87,1191.64 x 1000,1192.00 x 800,1414690
207,28-9-2018  11:22:37,1191.63,1194.64,1191.87,1191.6400 x 1000,1192.0000 x 800,1414690
208,28-9-2018  11:23:1,1191.63,1194.64,1191.87,1192.390 x 1000,1192.840 x 800,1414690
209,28-9-2018  11:23:25,1191.93,1194.64,1191.87,1192.39 x 1000,1192.84 x 800,1414690
210,28-9-2018  11:23:49,1191.93,1194.64,1191.87,1193.50 x 1000,1193.64 x 800,1414690
211,28-9-2018  11:24:13,1191.93,1194.64,1191.87,1193.50 x 1000,1193.64 x 800,1414690
212,28-9-2018  11:24:37,1191.89,1194.64,1191.87,1192.78 x 1000,1193.65 x 800,1414690
213,28-9-2018  11:25:1,1191.77,1194.64,1191.87,1192.78 x 1000,1193.33 x 800,1414690
214,28-9-2018  11:25:25,1191.65,1194.64,1191.87,1192.78 x 1000,1193.33 x 800,1414690
215,28-9-2018  11:25:49,1191.65,1194.64,1191.87,1192.92 x 1000,1193.60 x 800,1414690
216,28-9-2018  11:26:13,1191.65,1194.64,1191.87,1192.92 x 1000,1193.60 x 800,1414690
217,28-9-2018  11:26:37,1191.06,1194.64,1191.87,1192.87 x 1000,1193.55 x 800,1414690
218,28-9-2018  11:27:1,1191.06,1194.64,1191.87,1192.87 x 1000,1193.55 x 800,1414690
219,28-9-2018  11:27:26,1191.46,1194.64,1191.87,1193.09 x 1000,1193.15 x 800,1414690
220,28-9-2018  11:27:50,1190.77,1194.64,1191.87,1193.09 x 1000,1193.15 x 800,1414690
221,28-9-2018  11:28:14,1190.78,1194.64,1191.87,1192.97 x 1000,1192.92 x 800,1414690
222,28-9-2018  11:28:38,1190.73,1194.64,1191.87,1192.520 x 800,1192.920 x 800,1414690
223,28-9-2018  11:29:2,1190.87,1194.64,1191.87,1192.52 x 800,1192.92 x 800,1414690
224,28-9-2018  11:29:26,1191.11,1194.64,1191.87,1191.95 x 800,1193.05 x 800,1414690
225,28-9-2018  11:29:50,1191.09,1194.64,1191.87,1191.95 x 800,1193.05 x 800,1414690
226,28-9-2018  11:30:15,1191.585,1194.64,1191.87,1192.070 x 800,1192.470 x 800,1414690
227,28-9-2018  11:30:39,1191.58,1194.64,1191.87,1192.07 x 800,1192.08 x 800,1414690
228,28-9-2018  11:31:3,1191.7,1194.64,1191.87,1192.07 x 800,1192.08 x 800,1414690
229,28-9-2018  11:31:27,1191.3392,1194.64,1191.87,1191.3800 x 800,1192.0800 x 800,1414690
230,28-9-2018  11:31:51,1191.19,1194.64,1191.87,1191.38 x 800,1192.08 x 800,1414690
231,28-9-2018  11:32:15,1190.5699,1194.64,1191.87,1190.6600 x 800,1191.3800 x 800,1414690
232,28-9-2018  11:32:39,1190.57,1194.64,1191.87,1190.66 x 800,1191.15 x 800,1414690
233,28-9-2018  11:33:3,1190.57,1194.64,1191.87,1190.66 x 800,1191.15 x 800,1414690
234,28-9-2018  11:33:27,1189.394,1194.64,1191.87,1190.8800 x 800,1191.2500 x 800,1414690
235,28-9-2018  11:33:51,1190.11,1194.64,1191.87,1190.88 x 800,1191.25 x 800,1414690
236,28-9-2018  11:34:15,1190.1,1194.64,1191.87,1190.8800 x 800,1191.2000 x 800,1414690
237,28-9-2018  11:34:40,1190.1,1194.64,1191.87,1190.540 x 800,1191.150 x 800,1414690
238,28-9-2018  11:35:4,1190.1,1194.64,1191.87,1190.540 x 800,1191.150 x 800,1414690
239,28-9-2018  11:35:28,1190.1,1194.64,1191.87,1190.540 x 800,1191.150 x 800,1414690
240,28-9-2018  11:35:52,1190.1,1194.64,1191.87,1190.490 x 800,1191.110 x 800,1414690
241,28-9-2018  11:36:16,1190.1,1194.64,1191.87,1190.35 x 800,1191.11 x 800,1414690
242,28-9-2018  11:36:40,1190.1,1194.64,1191.87,1190.35 x 800,1190.82 x 800,1414690
243,28-9-2018  11:37:4,1190.1,1194.64,1191.87,1190.35 x 800,1190.82 x 800,1414690
244,28-9-2018  11:37:29,1190.76,1194.64,1191.87,1190.59 x 800,1191.55 x 800,1414690
245,28-9-2018  11:37:53,1190.76,1194.64,1191.87,1190.59 x 800,1191.55 x 800,1414690
246,28-9-2018  11:38:17,1190.03,1194.64,1191.87,1191.06 x 800,1191.68 x 800,1414690
247,28-9-2018  11:38:41,1190.07,1194.64,1191.87,1191.63 x 800,1191.68 x 800,1414690
248,28-9-2018  11:39:5,1190.07,1194.64,1191.87,1191.63 x 800,1192.61 x 800,1414690
249,28-9-2018  11:39:29,1189.87,1194.64,1191.87,1191.63 x 800,1192.61 x 800,1414690
250,28-9-2018  11:39:53,1189.87,1194.64,1191.87,1191.4600 x 800,1192.0800 x 800,1414690
251,28-9-2018  11:40:17,1189.745,1194.64,1191.87,1191.460 x 800,1192.080 x 800,1414690
252,28-9-2018  11:40:41,1190.04,1194.64,1191.87,1191.46 x 800,1192.08 x 800,1414690
253,28-9-2018  11:41:6,1189.93,1194.64,1191.87,1191.410 x 800,1192.060 x 800,1414690
254,28-9-2018  11:41:30,1189.93,1194.64,1191.87,1191.41 x 800,1192.08 x 800,1414690
255,28-9-2018  11:41:54,1190.5,1194.64,1191.87,1191.41 x 800,1192.08 x 800,1414690
256,28-9-2018  11:42:18,1190.16,1194.64,1191.87,1191.41 x 800,1192.08 x 800,1414690
257,28-9-2018  11:42:42,1189.9,1194.64,1191.87,1190.74 x 800,1191.48 x 800,1414690
258,28-9-2018  11:43:6,1189.9,1194.64,1191.87,1190.74 x 800,1191.32 x 800,1414690
259,28-9-2018  11:43:30,1189.9,1194.64,1191.87,1190.74 x 800,1191.32 x 800,1414690
260,28-9-2018  11:43:54,1189.9,1194.64,1191.87,1190.74 x 800,1191.32 x 800,1414690
261,28-9-2018  11:44:19,1189.56,1194.64,1191.87,1190.26 x 800,1191.14 x 800,1414690
262,28-9-2018  11:44:43,1189.56,1194.64,1191.87,1190.26 x 800,1191.58 x 800,1414690
263,28-9-2018  11:45:6,1189.56,1194.64,1191.87,1190.820 x 800,1191.580 x 800,1414690
264,28-9-2018  11:45:31,1190.58,1194.64,1191.87,1190.82 x 800,1191.58 x 800,1414690
265,28-9-2018  11:45:55,1190.58,1194.64,1191.87,1191.35 x 800,1192.02 x 800,1414690
266,28-9-2018  11:46:19,1190.58,1194.64,1191.87,1191.35 x 800,1192.02 x 800,1414690
267,28-9-2018  11:46:43,1190.58,1194.64,1191.87,1191.10 x 800,1192.00 x 800,1414690
268,28-9-2018  11:47:7,1190.52,1194.64,1191.87,1191.10 x 800,1192.00 x 800,1414690
269,28-9-2018  11:47:31,1190.68,1194.64,1191.87,1190.20 x 800,1190.83 x 800,1414690
270,28-9-2018  11:47:55,1190.68,1194.64,1191.87,1190.20 x 800,1190.50 x 800,1414690
271,28-9-2018  11:48:20,1190.68,1194.64,1191.87,1190.20 x 800,1190.50 x 800,1414690
272,28-9-2018  11:48:44,1190.68,1194.64,1191.87,1189.37 x 800,1189.96 x 800,1414690
273,28-9-2018  11:49:8,1191.89,1194.64,1191.87,1189.37 x 800,1189.96 x 800,1414690
274,28-9-2018  11:49:32,1191.495,1194.64,1191.87,1189.7700 x 800,1189.9600 x 800,1414690
275,28-9-2018  11:49:56,1190.6184,1194.64,1191.87,1189.7700 x 800,1190.5699 x 800,1414690
276,28-9-2018  11:50:20,1190.6184,1194.64,1191.87,1189.7700 x 800,1190.5699 x 800,1414690
277,28-9-2018  11:50:44,1190.6184,1194.64,1191.87,1189.7700 x 800,1190.5699 x 800,1414690
278,28-9-2018  11:51:8,1190.82,1194.64,1191.87,1190.250 x 800,1191.230 x 800,1414690
279,28-9-2018  11:51:33,1190.82,1194.64,1191.87,1190.250 x 800,1191.230 x 800,1414690
280,28-9-2018  11:51:56,1190.6532,1194.64,1191.87,1190.4600 x 800,1191.3101 x 800,1414690
281,28-9-2018  11:52:20,1190.98,1194.64,1191.87,1190.4600 x 800,1191.3101 x 800,1414690
282,28-9-2018  11:52:45,1191.27,1194.64,1191.87,1190.53 x 800,1191.17 x 800,1414690
283,28-9-2018  11:53:9,1191.43,1194.64,1191.87,1189.95 x 800,1190.36 x 800,1414690
284,28-9-2018  11:53:33,1191.045,1194.64,1191.87,1189.950 x 800,1190.360 x 800,1414690
285,28-9-2018  11:53:57,1190.92,1194.64,1191.87,1189.86 x 800,1190.36 x 800,1414690
286,28-9-2018  11:54:21,1190.92,1194.64,1191.87,1189.86 x 800,1190.36 x 800,1414690
287,28-9-2018  11:54:45,1190.92,1194.64,1191.87,1189.86 x 800,1190.36 x 800,1414690
288,28-9-2018  11:55:9,1190.6901,1194.64,1191.87,1189.5000 x 800,1190.3900 x 800,1414690
289,28-9-2018  11:55:33,1191.29,1194.64,1191.87,1189.52 x 800,1190.35 x 800,1414690
290,28-9-2018  11:55:57,1191.29,1194.64,1191.87,1189.52 x 800,1190.35 x 800,1414690
291,28-9-2018  11:56:21,1190.574,1194.64,1191.87,1189.820 x 800,1190.500 x 800,1414690
292,28-9-2018  11:56:45,1190.57,1194.64,1191.87,1189.82 x 800,1190.49 x 800,1414690
293,28-9-2018  11:57:10,1190.89,1194.64,1191.87,1189.82 x 800,1190.49 x 800,1414690
294,28-9-2018  11:57:34,1190.89,1194.64,1191.87,1189.87 x 800,1191.08 x 800,1414690
295,28-9-2018  11:57:58,1190.89,1194.64,1191.87,1189.90 x 800,1191.08 x 800,1414690
296,28-9-2018  11:58:22,1190.47,1194.64,1191.87,1189.90 x 800,1191.08 x 800,1414690
297,28-9-2018  11:58:47,1190.215,1194.64,1191.87,1189.560 x 800,1190.690 x 800,1414690
298,28-9-2018  11:59:11,1190.13,1194.64,1191.87,1189.56 x 800,1190.69 x 800,1414690
299,28-9-2018  11:59:35,1189.57,1194.64,1191.87,1189.40 x 800,1190.39 x 800,1414690
300,28-9-2018  11:59:59,1189.57,1194.64,1191.87,1189.40 x 800,1190.01 x 800,1414690
301,28-9-2018  12:0:24,1189.5699,1194.64,1191.87,1189.4000 x 800,1190.0100 x 800,1414690
302,28-9-2018  12:0:48,1189.61,1194.64,1191.87,1189.94 x 800,1190.67 x 800,1414690
303,28-9-2018  12:1:12,1189.61,1194.64,1191.87,1189.94 x 800,1190.67 x 800,1414690
304,28-9-2018  12:1:36,1189.93,1194.64,1191.87,1190.01 x 800,1190.65 x 800,1414690
305,28-9-2018  12:2:1,1190.12,1194.64,1191.87,1190.0100 x 800,1190.6500 x 800,1414690
306,28-9-2018  12:2:25,1190.12,1194.64,1191.87,1190.19 x 800,1190.65 x 800,1414690
307,28-9-2018  12:2:49,1190.71,1194.64,1191.87,1190.19 x 800,1190.65 x 800,1414690
308,28-9-2018  12:3:13,1190.99,1194.64,1191.87,1190.44 x 800,1191.73 x 800,1414690
309,28-9-2018  12:3:38,1190.64,1194.64,1191.87,1190.44 x 800,1191.73 x 800,1414690
310,28-9-2018  12:4:2,1190.64,1194.64,1191.87,1190.44 x 800,1191.73 x 800,1414690
311,28-9-2018  12:4:26,1190.57,1194.64,1191.87,1191.11 x 800,1191.66 x 800,1414690
312,28-9-2018  12:4:51,1190.75,1194.64,1191.87,1191.11 x 800,1191.44 x 800,1414690
313,28-9-2018  12:5:15,1191.11,1194.64,1191.87,1190.51 x 800,1191.44 x 800,1414690
314,28-9-2018  12:5:39,1191.11,1194.64,1191.87,1190.8000 x 800,1191.3600 x 800,1414690
315,28-9-2018  12:6:3,1190.8,1194.64,1191.87,1190.800 x 800,1191.360 x 800,1414690
316,28-9-2018  12:6:27,1190.63,1194.64,1191.87,1190.80 x 800,1191.36 x 800,1414690
317,28-9-2018  12:6:51,1190.63,1194.64,1191.87,1190.80 x 800,1191.36 x 800,1414690
318,28-9-2018  12:7:15,1190.63,1194.64,1191.87,1190.6300 x 800,1191.3500 x 800,1414690
319,28-9-2018  12:7:39,1190.6899,1194.64,1191.87,1190.6700 x 800,1191.2900 x 800,1414690
320,28-9-2018  12:8:4,1190.515,1194.64,1191.87,1190.670 x 800,1191.290 x 800,1414690
321,28-9-2018  12:8:28,1190.515,1194.64,1191.87,1191.000 x 800,1191.430 x 800,1414690
322,28-9-2018  12:8:52,1190.515,1194.64,1191.87,1191.000 x 800,1191.430 x 800,1414690
323,28-9-2018  12:9:17,1190.52,1194.64,1191.87,1191.00 x 800,1191.43 x 800,1414690
324,28-9-2018  12:9:41,1190.52,1194.64,1191.87,1190.03 x 800,1190.96 x 800,1414690
325,28-9-2018  12:10:5,1190.485,1194.64,1191.87,1190.690 x 800,1191.620 x 800,1414690
326,28-9-2018  12:10:29,1190.485,1194.64,1191.87,1190.6899 x 800,1191.6200 x 800,1414690
327,28-9-2018  12:10:53,1190.75,1194.64,1191.87,1190.69 x 800,1191.62 x 800,1414690
328,28-9-2018  12:11:17,1190.89,1194.64,1191.87,1190.69 x 800,1191.62 x 800,1414690
329,28-9-2018  12:11:41,1190.84,1194.64,1191.87,1190.39 x 800,1191.13 x 800,1414690
330,28-9-2018  12:12:6,1190.84,1194.64,1191.87,1190.60 x 800,1191.13 x 800,1414690
331,28-9-2018  12:12:30,1190.89,1194.64,1191.87,1190.60 x 800,1191.13 x 800,1414690
332,28-9-2018  12:12:53,1190.89,1194.64,1191.87,1190.60 x 800,1191.13 x 800,1414690
333,28-9-2018  12:13:18,1190.89,1194.64,1191.87,1190.15 x 800,1190.76 x 800,1414690
334,28-9-2018  12:13:42,1190.9,1194.64,1191.87,1190.24 x 800,1190.76 x 800,1414690
335,28-9-2018  12:14:6,1190.78,1194.64,1191.87,1190.00 x 800,1190.40 x 800,1414690
336,28-9-2018  12:14:30,1190.63,1194.64,1191.87,1190.00 x 800,1190.40 x 800,1414690
337,28-9-2018  12:14:55,1190.775,1194.64,1191.87,1190.000 x 800,1189.950 x 800,1414690
338,28-9-2018  12:15:19,1190.74,1194.64,1191.87,1189.120 x 800,1189.950 x 800,1414690
339,28-9-2018  12:15:43,1190.74,1194.64,1191.87,1189.120 x 800,1189.950 x 800,1414690
340,28-9-2018  12:16:7,1190.74,1194.64,1191.87,1189.17 x 800,1189.85 x 800,1414690
341,28-9-2018  12:16:31,1190.8,1194.64,1191.87,1189.17 x 800,1189.85 x 800,1414690
342,28-9-2018  12:16:55,1190.82,1194.64,1191.87,1189.75 x 800,1189.74 x 800,1414690
343,28-9-2018  12:17:19,1190.745,1194.64,1191.87,1189.750 x 800,1189.740 x 800,1414690
344,28-9-2018  12:17:43,1190.42,1194.64,1191.87,1189.77 x 800,1190.75 x 800,1414690
345,28-9-2018  12:18:7,1190.3,1194.64,1191.87,1189.77 x 800,1190.75 x 800,1414690
346,28-9-2018  12:18:32,1190.3,1194.64,1191.87,1189.77 x 800,1190.75 x 800,1414690
347,28-9-2018  12:18:55,1189.78,1194.64,1191.87,1189.77 x 800,1191.32 x 800,1414690
348,28-9-2018  12:19:19,1189.78,1194.64,1191.87,1190.500 x 800,1190.990 x 800,1414690
349,28-9-2018  12:19:43,1189.78,1194.64,1191.87,1190.500 x 800,1190.990 x 800,1414690
350,28-9-2018  12:20:7,1190.08,1194.64,1191.87,1190.55 x 800,1190.96 x 800,1414690
351,28-9-2018  12:20:32,1190.08,1194.64,1191.87,1190.55 x 800,1190.96 x 800,1414690
352,28-9-2018  12:20:56,1190.06,1194.64,1191.87,1190.70 x 800,1191.29 x 800,1414690
353,28-9-2018  12:21:20,1190.125,1194.64,1191.87,1190.700 x 800,1191.290 x 800,1414690
354,28-9-2018  12:21:44,1190.12,1194.64,1191.87,1190.24 x 800,1191.18 x 800,1414690
355,28-9-2018  12:22:8,1189.51,1194.64,1191.87,1190.24 x 800,1191.18 x 800,1414690
356,28-9-2018  12:22:32,1189.285,1194.64,1191.87,1190.240 x 800,1191.130 x 800,1414690
357,28-9-2018  12:22:56,1189.21,1194.64,1191.87,1190.290 x 800,1190.900 x 800,1414690
358,28-9-2018  12:23:21,1188.95,1194.64,1191.87,1190.29 x 800,1191.13 x 800,1414690
359,28-9-2018  12:23:45,1188.585,1194.64,1191.87,1190.170 x 800,1190.510 x 800,1414690
360,28-9-2018  12:24:9,1188.535,1194.64,1191.87,1189.870 x 800,1190.510 x 800,1414690
361,28-9-2018  12:24:33,1188.12,1194.64,1191.87,1189.87 x 800,1190.51 x 800,1414690
362,28-9-2018  12:24:58,1188.035,1194.64,1191.87,1189.870 x 800,1190.510 x 800,1414690
363,28-9-2018  12:25:22,1188.08,1194.64,1191.87,1189.87 x 800,1190.51 x 800,1414690
364,28-9-2018  12:25:46,1188.06,1194.64,1191.87,1190.38 x 800,1190.83 x 800,1414690
365,28-9-2018  12:26:11,1188.06,1194.64,1191.87,1190.38 x 800,1190.83 x 800,1414690
366,28-9-2018  12:26:35,1187.92,1194.64,1191.87,1190.64 x 800,1190.98 x 800,1414690
367,28-9-2018  12:26:59,1187.92,1194.64,1191.87,1190.64 x 800,1191.00 x 800,1414690
368,28-9-2018  12:27:23,1187.93,1194.64,1191.87,1190.690 x 800,1191.080 x 800,1414690
369,28-9-2018  12:27:47,1187.93,1194.64,1191.87,1190.690 x 800,1191.000 x 800,1414690
370,28-9-2018  12:28:12,1187.93,1194.64,1191.87,1190.690 x 800,1191.080 x 800,1414690
371,28-9-2018  12:28:36,1187.93,1194.64,1191.87,1190.70 x 800,1191.14 x 800,1414690
372,28-9-2018  12:29:0,1187.9,1194.64,1191.87,1190.62 x 800,1191.14 x 800,1414690
373,28-9-2018  12:29:24,1188.05,1194.64,1191.87,1190.62 x 800,1191.14 x 800,1414690
374,28-9-2018  12:29:48,1188.05,1194.64,1191.87,1190.64 x 800,1190.92 x 800,1414690
375,28-9-2018  12:30:12,1188.2195,1194.64,1191.87,1190.6400 x 800,1190.9200 x 800,1414690
376,28-9-2018  12:30:36,1188.79,1194.64,1191.87,1190.57 x 800,1190.92 x 800,1414690
377,28-9-2018  12:31:1,1188.95,1194.64,1191.87,1190.57 x 800,1190.92 x 800,1414690
378,28-9-2018  12:31:25,1188.95,1194.64,1191.87,1190.57 x 800,1190.92 x 800,1414690
379,28-9-2018  12:31:49,1189.37,1194.64,1191.87,1190.68 x 800,1190.92 x 800,1414690
380,28-9-2018  12:32:13,1189.27,1194.64,1191.87,1190.68 x 800,1190.92 x 800,1414690
381,28-9-2018  12:32:37,1189.41,1194.64,1191.87,1190.68 x 800,1190.92 x 800,1414690
382,28-9-2018  12:33:1,1189.3149,1194.64,1191.87,1190.5800 x 800,1190.9000 x 800,1414690
383,28-9-2018  12:33:25,1189.73,1194.64,1191.87,1190.58 x 800,1190.90 x 800,1414690
384,28-9-2018  12:33:50,1189.85,1194.64,1191.87,1190.12 x 800,1190.52 x 800,1414690
385,28-9-2018  12:34:14,1189.94,1194.64,1191.87,1190.12 x 800,1190.52 x 800,1414690
386,28-9-2018  12:34:38,1189.64,1194.64,1191.87,1189.84 x 800,1190.52 x 800,1414690
387,28-9-2018  12:35:2,1189.36,1194.64,1191.87,1189.840 x 800,1190.430 x 800,1414690
388,28-9-2018  12:35:27,1189.47,1194.64,1191.87,1189.84 x 800,1190.43 x 800,1414690
389,28-9-2018  12:35:51,1189.47,1194.64,1191.87,1189.760 x 800,1190.420 x 800,1414690
390,28-9-2018  12:36:15,1189.47,1194.64,1191.87,1189.86 x 800,1190.25 x 800,1414690
391,28-9-2018  12:36:39,1188.76,1194.64,1191.87,1189.86 x 800,1190.25 x 800,1414690
392,28-9-2018  12:37:3,1188.46,1194.64,1191.87,1189.90 x 800,1190.32 x 800,1414690
393,28-9-2018  12:37:27,1188.46,1194.64,1191.87,1189.90 x 800,1190.32 x 800,1414690
394,28-9-2018  12:37:51,1188.46,1194.64,1191.87,1189.90 x 800,1190.32 x 800,1414690
395,28-9-2018  12:38:15,1189.3219,1194.64,1191.87,1189.0900 x 800,1189.6400 x 800,1414690
396,28-9-2018  12:38:40,1189.405,1194.64,1191.87,1188.490 x 800,1188.990 x 800,1414690
397,28-9-2018  12:39:4,1189.23,1194.64,1191.87,1188.49 x 800,1188.99 x 800,1414690
398,28-9-2018  12:39:28,1189.62,1194.64,1191.87,1188.27 x 800,1188.80 x 800,1414690
399,28-9-2018  12:39:52,1189.74,1194.64,1191.87,1188.27 x 800,1188.80 x 800,1414690
400,28-9-2018  12:40:16,1189.67,1194.64,1191.87,1187.59 x 800,1188.18 x 800,1414690
401,28-9-2018  12:40:40,1189.67,1194.64,1191.87,1187.83 x 800,1188.23 x 800,1414690
402,28-9-2018  12:41:4,1189.66,1194.64,1191.87,1187.83 x 800,1188.23 x 800,1414690
403,28-9-2018  12:41:29,1189.54,1194.64,1191.87,1187.91 x 800,1188.23 x 800,1414690
404,28-9-2018  12:41:53,1189.595,1194.64,1191.87,1187.910 x 800,1188.230 x 800,1414690
405,28-9-2018  12:42:17,1189.55,1194.64,1191.87,1187.60 x 800,1188.21 x 800,1414690
406,28-9-2018  12:42:41,1189.55,1194.64,1191.87,1187.60 x 800,1188.21 x 800,1414690
407,28-9-2018  12:43:5,1189.55,1194.64,1191.87,1187.60 x 800,1188.21 x 800,1414690
408,28-9-2018  12:43:30,1189.25,1194.64,1191.87,1187.30 x 800,1187.76 x 800,1414690
409,28-9-2018  12:43:54,1188.94,1194.64,1191.87,1187.30 x 800,1187.76 x 800,1414690
410,28-9-2018  12:44:18,1188.94,1194.64,1191.87,1187.190 x 800,1187.920 x 800,1414690
411,28-9-2018  12:44:42,1188.675,1194.64,1191.87,1187.190 x 800,1187.920 x 800,1414690
412,28-9-2018  12:45:6,1188.1,1194.64,1191.87,1187.90 x 800,1188.31 x 800,1414690
413,28-9-2018  12:45:30,1187.695,1194.64,1191.87,1187.900 x 800,1188.310 x 800,1414690
414,28-9-2018  12:45:55,1187.63,1194.64,1191.87,1188.32 x 800,1188.82 x 800,1414690
415,28-9-2018  12:46:19,1187.39,1194.64,1191.87,1188.3199 x 800,1189.6500 x 800,1414690
416,28-9-2018  12:46:43,1187.87,1194.64,1191.87,1188.32 x 800,1189.65 x 800,1414690
417,28-9-2018  12:47:7,1187.54,1194.64,1191.87,1189.14 x 800,1189.65 x 800,1414690
418,28-9-2018  12:47:31,1187.3041,1194.64,1191.87,1188.9000 x 800,1189.3000 x 800,1414690
419,28-9-2018  12:47:56,1186.976,1194.64,1191.87,1188.90 x 800,1189.30 x 800,1414690
