,time,Main Price,Prev Close,Open,Bid,Ask,Volume
1,28-9-2018  9:59:36,27.9898,27.75,27.75,28.1500 x 800,28.1800 x 1100,17541618
2,28-9-2018  10:0:0,27.98,27.75,27.75,28.08 x 800,28.10 x 1100,17541618
3,28-9-2018  10:0:24,27.9,27.75,27.75,28.08 x 800,28.10 x 1100,17541618
4,28-9-2018  10:0:48,27.87,27.75,27.75,28.06 x 800,28.09 x 1100,17541618
5,28-9-2018  10:1:12,27.87,27.75,27.75,28.06 x 800,28.09 x 1100,17541618
6,28-9-2018  10:1:37,27.88,27.75,27.75,28.06 x 800,28.09 x 800,17541618
7,28-9-2018  10:2:1,27.9,27.75,27.75,28.1000 x 800,28.1000 x 800,17541618
8,28-9-2018  10:2:25,27.9,27.75,27.75,28.0300 x 800,28.0400 x 800,17541618
9,28-9-2018  10:2:49,27.905,27.75,27.75,28.0300 x 800,28.0400 x 800,17541618
10,28-9-2018  10:3:13,27.8523,27.75,27.75,28.0300 x 800,28.0400 x 800,17541618
11,28-9-2018  10:3:38,27.84,27.75,27.75,28.06 x 800,28.08 x 800,17541618
12,28-9-2018  10:4:2,27.86,27.75,27.75,28.06 x 800,28.08 x 800,17541618
13,28-9-2018  10:4:26,27.8518,27.75,27.75,28.2200 x 900,28.2400 x 800,17541618
14,28-9-2018  10:4:50,27.7163,27.75,27.75,28.2200 x 900,28.2400 x 800,17541618
15,28-9-2018  10:5:14,27.695,27.75,27.75,28.1300 x 900,28.1500 x 800,17541618
16,28-9-2018  10:5:39,27.72,27.75,27.75,28.13 x 900,28.15 x 800,17541618
17,28-9-2018  10:6:3,27.66,27.75,27.75,28.13 x 900,28.15 x 800,17541618
18,28-9-2018  10:6:26,27.6806,27.75,27.75,28.0500 x 900,28.0900 x 800,17541618
19,28-9-2018  10:6:51,27.66,27.75,27.75,28.01 x 900,28.06 x 800,17541618
20,28-9-2018  10:7:15,27.6101,27.75,27.75,28.0100 x 900,28.0600 x 800,17541618
21,28-9-2018  10:7:39,27.6001,27.75,27.75,28.04 x 1100,28.05 x 800,17541618
22,28-9-2018  10:8:3,27.62,27.75,27.75,28.04 x 1100,28.05 x 800,17541618
23,28-9-2018  10:8:27,27.58,27.75,27.75,28.02 x 1100,28.04 x 800,17541618
24,28-9-2018  10:8:51,27.5162,27.75,27.75,28.0200 x 1100,28.0400 x 800,17541618
25,28-9-2018  10:9:16,27.5388,27.75,27.75,28.0200 x 1100,27.9300 x 800,17541618
26,28-9-2018  10:9:40,27.4462,27.75,27.75,27.9100 x 1100,27.9300 x 800,17541618
27,28-9-2018  10:10:4,27.48,27.75,27.75,27.91 x 1100,27.96 x 800,17541618
28,28-9-2018  10:10:28,27.4201,27.75,27.75,27.9300 x 1100,27.9600 x 800,17541618
29,28-9-2018  10:10:52,27.38,27.75,27.75,27.93 x 1100,27.95 x 800,17541618
30,28-9-2018  10:11:16,27.4489,27.75,27.75,27.8200 x 1100,27.9500 x 800,17541618
31,28-9-2018  10:11:41,27.47,27.75,27.75,27.82 x 1100,27.89 x 800,17541618
32,28-9-2018  10:12:4,27.444,27.75,27.75,27.880 x 1100,27.890 x 800,17541618
33,28-9-2018  10:12:29,27.4299,27.75,27.75,27.8800 x 1100,27.9000 x 800,17541618
34,28-9-2018  10:12:53,27.3662,27.75,27.75,27.8800 x 1100,27.9000 x 800,17541618
35,28-9-2018  10:13:17,27.32,27.75,27.75,27.88 x 1100,27.89 x 800,17541618
36,28-9-2018  10:13:41,27.295,27.75,27.75,27.87 x 1100,27.89 x 800,17541618
37,28-9-2018  10:14:6,27.318,27.75,27.75,27.87 x 1100,27.94 x 800,17541618
38,28-9-2018  10:14:30,27.4578,27.75,27.75,27.9300 x 1100,27.9400 x 800,17541618
39,28-9-2018  10:14:54,27.392,27.75,27.75,27.93 x 1100,27.94 x 800,17541618
40,28-9-2018  10:15:18,27.48,27.75,27.75,27.93 x 1100,27.98 x 800,17541618
41,28-9-2018  10:15:42,27.4504,27.75,27.75,27.9300 x 1100,27.9800 x 800,17541618
42,28-9-2018  10:16:6,27.5,27.75,27.75,27.8800 x 1100,27.9100 x 800,17541618
43,28-9-2018  10:16:31,27.5158,27.75,27.75,27.8800 x 1100,27.9100 x 800,17541618
44,28-9-2018  10:16:55,27.56,27.75,27.75,27.86 x 1100,27.87 x 900,17541618
45,28-9-2018  10:17:19,27.5,27.75,27.75,27.8600 x 1100,27.8700 x 900,17541618
46,28-9-2018  10:17:43,27.5375,27.75,27.75,27.8600 x 1100,27.8700 x 900,17541618
47,28-9-2018  10:18:7,27.51,27.75,27.75,27.87 x 1100,27.91 x 900,17541618
48,28-9-2018  10:18:31,27.5091,27.75,27.75,27.8700 x 1100,27.8500 x 900,17541618
49,28-9-2018  10:18:55,27.561,27.75,27.75,27.8100 x 1100,27.8500 x 900,17541618
50,28-9-2018  10:19:19,27.57,27.75,27.75,27.81 x 1100,27.85 x 900,17541618
51,28-9-2018  10:19:44,27.56,27.75,27.75,27.8100 x 1100,27.8700 x 900,17541618
52,28-9-2018  10:20:8,27.552,27.75,27.75,27.810 x 1100,27.870 x 900,17541618
53,28-9-2018  10:20:32,27.58,27.75,27.75,27.68 x 1100,27.71 x 900,17541618
54,28-9-2018  10:20:56,27.53,27.75,27.75,27.68 x 1100,27.71 x 900,17541618
55,28-9-2018  10:21:21,27.49,27.75,27.75,27.66 x 1100,27.68 x 900,17541618
56,28-9-2018  10:21:45,27.52,27.75,27.75,27.66 x 1100,27.68 x 900,17541618
57,28-9-2018  10:22:9,27.5153,27.75,27.75,27.6400 x 1100,27.6800 x 900,17541618
58,28-9-2018  10:22:33,27.55,27.75,27.75,27.64 x 1100,27.68 x 900,17541618
59,28-9-2018  10:22:57,27.5871,27.75,27.75,27.6400 x 1100,27.6800 x 900,17541618
60,28-9-2018  10:23:21,27.51,27.75,27.75,27.61 x 1100,27.62 x 1400,17541618
61,28-9-2018  10:23:46,27.52,27.75,27.75,27.570 x 1100,27.620 x 1400,17541618
62,28-9-2018  10:24:9,27.53,27.75,27.75,27.5700 x 1100,27.5700 x 1000,17541618
63,28-9-2018  10:24:34,27.54,27.75,27.75,27.5300 x 1100,27.4700 x 1000,17541618
64,28-9-2018  10:24:58,27.54,27.75,27.75,27.53 x 1100,27.47 x 1000,17541618
65,28-9-2018  10:25:22,27.58,27.75,27.75,27.43 x 1100,27.47 x 1000,17541618
66,28-9-2018  10:25:46,27.588,27.75,27.75,27.4300 x 1100,27.4800 x 1000,17541618
67,28-9-2018  10:26:10,27.5862,27.75,27.75,27.3600 x 1100,27.4800 x 1000,17541618
68,28-9-2018  10:26:34,27.59,27.75,27.75,27.36 x 1100,27.44 x 1000,17541618
69,28-9-2018  10:26:59,27.6057,27.75,27.75,27.4600 x 1100,27.4400 x 1000,17541618
70,28-9-2018  10:27:23,27.595,27.75,27.75,27.460 x 1100,27.440 x 1000,17541618
71,28-9-2018  10:27:47,27.58,27.75,27.75,27.4000 x 1100,27.4500 x 1000,17541618
72,28-9-2018  10:28:11,27.59,27.75,27.75,27.40 x 1100,27.36 x 1000,17541618
73,28-9-2018  10:28:36,27.58,27.75,27.75,27.28 x 1200,27.36 x 1000,17541618
74,28-9-2018  10:29:0,27.6,27.75,27.75,27.28 x 1200,27.31 x 800,17541618
75,28-9-2018  10:29:24,27.63,27.75,27.75,27.34 x 1200,27.31 x 800,17541618
76,28-9-2018  10:29:49,27.655,27.75,27.75,27.340 x 1200,27.310 x 800,17541618
77,28-9-2018  10:30:13,27.64,27.75,27.75,27.410 x 1200,27.410 x 800,17541618
78,28-9-2018  10:30:38,27.58,27.75,27.75,27.41 x 1200,27.41 x 800,17541618
79,28-9-2018  10:31:2,27.5999,27.75,27.75,27.4100 x 1200,27.4800 x 800,17541618
80,28-9-2018  10:31:26,27.61,27.75,27.75,27.46 x 1200,27.48 x 800,17541618
81,28-9-2018  10:31:50,27.6,27.75,27.75,27.46 x 1200,27.53 x 800,17541618
82,28-9-2018  10:32:14,27.6,27.75,27.75,27.53 x 1200,27.53 x 800,17541618
83,28-9-2018  10:32:38,27.53,27.75,27.75,27.53 x 1200,27.54 x 800,17541618
84,28-9-2018  10:33:2,27.52,27.75,27.75,27.53 x 1200,27.54 x 800,17541618
85,28-9-2018  10:33:26,27.51,27.75,27.75,27.50 x 1000,27.54 x 800,17541618
86,28-9-2018  10:33:51,27.5313,27.75,27.75,27.5000 x 1000,27.5200 x 800,17541618
87,28-9-2018  10:34:15,27.5512,27.75,27.75,27.5600 x 800,27.5200 x 800,17541618
88,28-9-2018  10:34:39,27.58,27.75,27.75,27.56 x 800,27.58 x 800,17541618
89,28-9-2018  10:35:3,27.51,27.75,27.75,27.5100 x 800,27.5800 x 800,17541618
90,28-9-2018  10:35:27,27.5141,27.75,27.75,27.5100 x 800,27.5700 x 800,17541618
91,28-9-2018  10:35:51,27.5,27.75,27.75,27.55 x 800,27.57 x 800,17541618
92,28-9-2018  10:36:15,27.49,27.75,27.75,27.55 x 800,27.57 x 800,17541618
93,28-9-2018  10:36:40,27.43,27.75,27.75,27.51 x 800,27.51 x 800,17541618
94,28-9-2018  10:37:4,27.4575,27.75,27.75,27.5100 x 800,27.5100 x 800,17541618
95,28-9-2018  10:37:28,27.47,27.75,27.75,27.510 x 800,27.520 x 800,17541618
96,28-9-2018  10:37:52,27.4561,27.75,27.75,27.5100 x 800,27.5200 x 800,17541618
97,28-9-2018  10:38:16,27.46,27.75,27.75,27.55 x 800,27.60 x 800,17541618
98,28-9-2018  10:38:40,27.515,27.75,27.75,27.550 x 800,27.600 x 800,17541618
99,28-9-2018  10:39:4,27.466,27.75,27.75,27.550 x 800,27.600 x 800,17541618
100,28-9-2018  10:39:28,27.54,27.75,27.75,27.51 x 800,27.53 x 800,17541618
101,28-9-2018  10:39:52,27.54,27.75,27.75,27.5100 x 800,27.5300 x 800,17541618
102,28-9-2018  10:40:16,27.54,27.75,27.75,27.51 x 800,27.55 x 800,17541618
103,28-9-2018  10:40:41,27.5,27.75,27.75,27.54 x 800,27.55 x 800,17541618
104,28-9-2018  10:41:5,27.46,27.75,27.75,27.54 x 800,27.58 x 800,17541618
105,28-9-2018  10:41:29,27.487,27.75,27.75,27.550 x 800,27.580 x 800,17541618
106,28-9-2018  10:41:54,27.47,27.75,27.75,27.55 x 800,27.59 x 800,17541618
107,28-9-2018  10:42:18,27.46,27.75,27.75,27.55 x 800,27.59 x 800,17541618
108,28-9-2018  10:42:42,27.46,27.75,27.75,27.60 x 800,27.59 x 800,17541618
109,28-9-2018  10:43:6,27.4627,27.75,27.75,27.6000 x 800,27.5900 x 800,17541618
110,28-9-2018  10:43:30,27.425,27.75,27.75,27.600 x 800,27.590 x 800,17541618
111,28-9-2018  10:43:54,27.41,27.75,27.75,27.57 x 800,27.58 x 800,17541618
112,28-9-2018  10:44:18,27.45,27.75,27.75,27.58 x 3000,27.58 x 800,17541618
113,28-9-2018  10:44:43,27.48,27.75,27.75,27.58 x 3000,27.61 x 800,17541618
114,28-9-2018  10:45:7,27.4906,27.75,27.75,27.6000 x 3000,27.6100 x 800,17541618
115,28-9-2018  10:45:31,27.5,27.75,27.75,27.60 x 3000,27.66 x 800,17541618
116,28-9-2018  10:45:55,27.5,27.75,27.75,27.61 x 3000,27.66 x 800,17541618
117,28-9-2018  10:46:19,27.5,27.75,27.75,27.610 x 3000,27.600 x 800,17541618
118,28-9-2018  10:46:44,27.53,27.75,27.75,27.60 x 800,27.60 x 800,17541618
119,28-9-2018  10:47:8,27.52,27.75,27.75,27.6000 x 800,27.5900 x 800,17541618
120,28-9-2018  10:47:32,27.5,27.75,27.75,27.59 x 800,27.59 x 800,17541618
121,28-9-2018  10:47:56,27.52,27.75,27.75,27.59 x 800,27.57 x 800,17541618
122,28-9-2018  10:48:20,27.57,27.75,27.75,27.5900 x 800,27.5700 x 800,17541618
123,28-9-2018  10:48:45,27.596,27.75,27.75,27.5200 x 800,27.5700 x 800,17541618
124,28-9-2018  10:49:9,27.55,27.75,27.75,27.51 x 800,27.51 x 800,17541618
125,28-9-2018  10:49:33,27.55,27.75,27.75,27.510 x 800,27.510 x 800,17541618
126,28-9-2018  10:49:57,27.55,27.75,27.75,27.51 x 800,27.57 x 800,17541618
127,28-9-2018  10:50:21,27.5499,27.75,27.75,27.5100 x 800,27.5700 x 800,17541618
128,28-9-2018  10:50:45,27.5499,27.75,27.75,27.5200 x 800,27.5400 x 800,17541618
129,28-9-2018  10:51:9,27.52,27.75,27.75,27.52 x 800,27.54 x 800,17541618
130,28-9-2018  10:51:34,27.5,27.75,27.75,27.49 x 1200,27.50 x 1200,17541618
131,28-9-2018  10:51:58,27.585,27.75,27.75,27.490 x 1200,27.500 x 1200,17541618
132,28-9-2018  10:52:22,27.58,27.75,27.75,27.46 x 1200,27.47 x 1200,17541618
133,28-9-2018  10:52:46,27.59,27.75,27.75,27.46 x 1200,27.47 x 1200,17541618
134,28-9-2018  10:53:10,27.62,27.75,27.75,27.46 x 1200,27.47 x 1200,17541618
135,28-9-2018  10:53:35,27.69,27.75,27.75,27.46 x 1100,27.48 x 1200,17541618
136,28-9-2018  10:53:59,27.72,27.75,27.75,27.46 x 1100,27.48 x 1200,17541618
137,28-9-2018  10:54:23,27.7,27.75,27.75,27.47 x 1100,27.48 x 1200,17541618
138,28-9-2018  10:54:47,27.71,27.75,27.75,27.47 x 1100,27.54 x 800,17541618
139,28-9-2018  10:55:12,27.73,27.75,27.75,27.47 x 1100,27.54 x 800,17541618
140,28-9-2018  10:55:38,27.8,27.75,27.75,27.54 x 1100,27.55 x 800,17541618
141,28-9-2018  10:56:2,27.8039,27.75,27.75,27.5400 x 1100,27.5500 x 800,17541618
142,28-9-2018  10:56:26,27.84,27.75,27.75,27.54 x 1100,27.55 x 800,17541618
143,28-9-2018  10:56:50,27.82,27.75,27.75,27.49 x 1100,27.49 x 800,17541618
144,28-9-2018  10:57:15,27.87,27.75,27.75,27.46 x 1100,27.48 x 800,17541618
145,28-9-2018  10:57:39,27.86,27.75,27.75,27.45 x 1100,27.48 x 800,17541618
146,28-9-2018  10:58:3,27.95,27.75,27.75,27.46 x 1100,27.48 x 800,17541618
147,28-9-2018  10:58:27,27.9328,27.75,27.75,27.4300 x 900,27.4600 x 1300,17541618
148,28-9-2018  10:58:52,28.01,27.75,27.75,27.43 x 900,27.46 x 1300,17541618
149,28-9-2018  10:59:16,28.05,27.75,27.75,27.39 x 900,27.42 x 1200,17541618
150,28-9-2018  10:59:40,28.03,27.75,27.75,27.3900 x 900,27.4200 x 1200,17541618
151,28-9-2018  11:0:4,28.05,27.75,27.75,27.39 x 900,27.42 x 1200,17541618
152,28-9-2018  11:0:28,28.05,27.75,27.75,27.49 x 1100,27.49 x 1200,17541618
153,28-9-2018  11:0:52,28.05,27.75,27.75,27.49 x 1100,27.49 x 1200,17541618
154,28-9-2018  11:1:16,28.05,27.75,27.75,27.49 x 1100,27.51 x 1400,17541618
155,28-9-2018  11:1:40,28.08,27.75,27.75,27.490 x 1100,27.510 x 1400,17541618
156,28-9-2018  11:2:5,28.09,27.75,27.75,27.50 x 1100,27.51 x 1400,17541618
157,28-9-2018  11:2:29,28.07,27.75,27.75,27.50 x 1100,27.51 x 1400,17541618
158,28-9-2018  11:2:53,28.07,27.75,27.75,27.50 x 1100,27.52 x 1400,17541618
159,28-9-2018  11:3:17,28.08,27.75,27.75,27.5200 x 1100,27.5200 x 1400,17541618
160,28-9-2018  11:3:41,28.05,27.75,27.75,27.52 x 1100,27.59 x 1400,17541618
161,28-9-2018  11:4:5,28.06,27.75,27.75,27.59 x 1100,27.59 x 1400,17541618
162,28-9-2018  11:4:29,28.05,27.75,27.75,27.59 x 1100,27.59 x 1400,17541618
163,28-9-2018  11:4:53,28.06,27.75,27.75,27.59 x 1100,27.58 x 1400,17541618
164,28-9-2018  11:5:17,28.05,27.75,27.75,27.5300 x 1100,27.5800 x 1400,17541618
165,28-9-2018  11:5:41,27.984,27.75,27.75,27.53 x 1100,27.55 x 1400,17541618
166,28-9-2018  11:6:5,27.98,27.75,27.75,27.53 x 1100,27.58 x 1400,17541618
167,28-9-2018  11:6:29,27.92,27.75,27.75,27.5300 x 1100,27.5500 x 800,17541618
168,28-9-2018  11:6:53,27.92,27.75,27.75,27.5000 x 1100,27.5400 x 1000,17541618
169,28-9-2018  11:7:18,27.91,27.75,27.75,27.59 x 1100,27.59 x 1000,17541618
170,28-9-2018  11:7:42,27.9801,27.75,27.75,27.5900 x 1100,27.5900 x 1000,17541618
171,28-9-2018  11:8:6,27.96,27.75,27.75,27.59 x 1100,27.59 x 1000,17541618
172,28-9-2018  11:8:30,27.9223,27.75,27.75,27.6000 x 1100,27.6100 x 800,17541618
173,28-9-2018  11:8:54,27.95,27.75,27.75,27.67 x 1100,27.70 x 800,17541618
174,28-9-2018  11:9:18,27.98,27.75,27.75,27.67 x 1100,27.70 x 800,17541618
175,28-9-2018  11:9:42,27.99,27.75,27.75,27.67 x 1100,27.70 x 800,17541618
176,28-9-2018  11:10:6,28.0,27.75,27.75,27.69 x 1100,27.71 x 800,17541618
177,28-9-2018  11:10:30,28.0,27.75,27.75,27.78 x 1100,27.71 x 800,17541618
178,28-9-2018  11:10:54,28.01,27.75,27.75,27.78 x 1100,27.71 x 800,17541618
179,28-9-2018  11:11:18,28.01,27.75,27.75,27.79 x 1100,27.82 x 800,17541618
180,28-9-2018  11:11:43,27.99,27.75,27.75,27.79 x 1100,27.82 x 800,17541618
181,28-9-2018  11:12:7,28.039,27.75,27.75,27.790 x 1100,27.830 x 800,17541618
182,28-9-2018  11:12:31,28.01,27.75,27.75,27.79 x 1100,27.83 x 800,17541618
183,28-9-2018  11:12:55,28.0,27.75,27.75,27.84 x 1100,27.87 x 800,17541618
184,28-9-2018  11:13:19,27.975,27.75,27.75,27.860 x 1100,27.870 x 800,17541618
185,28-9-2018  11:13:43,27.9615,27.75,27.75,27.9600 x 1100,27.9400 x 800,17541618
186,28-9-2018  11:14:7,27.96,27.75,27.75,27.96 x 1100,27.94 x 800,17541618
187,28-9-2018  11:14:32,27.97,27.75,27.75,28.06 x 1100,28.08 x 800,17541618
188,28-9-2018  11:14:56,27.9399,27.75,27.75,28.0600 x 1100,28.0800 x 800,17541618
189,28-9-2018  11:15:20,27.92,27.75,27.75,28.0500 x 1100,28.0700 x 800,17541618
190,28-9-2018  11:15:44,27.91,27.75,27.75,28.05 x 1100,28.07 x 800,17541618
191,28-9-2018  11:16:8,27.9,27.75,27.75,28.05 x 1100,28.04 x 800,17541618
192,28-9-2018  11:16:34,27.87,27.75,27.75,28.05 x 1100,28.08 x 800,17541618
193,28-9-2018  11:16:58,27.85,27.75,27.75,28.0800 x 1100,28.0800 x 800,17541618
194,28-9-2018  11:17:22,27.87,27.75,27.75,28.08 x 1100,28.08 x 800,17541618
195,28-9-2018  11:17:46,27.9,27.75,27.75,28.04 x 1100,28.08 x 800,17541618
196,28-9-2018  11:18:10,27.93,27.75,27.75,28.0800 x 1100,28.0800 x 800,17541618
197,28-9-2018  11:18:34,27.93,27.75,27.75,28.04 x 1100,28.07 x 800,17541618
198,28-9-2018  11:18:58,27.93,27.75,27.75,28.050 x 1100,28.070 x 800,17541618
199,28-9-2018  11:19:22,27.92,27.75,27.75,28.05 x 1100,28.07 x 800,17541618
200,28-9-2018  11:19:46,27.9501,27.75,27.75,28.0300 x 1100,28.0700 x 800,17541618
201,28-9-2018  11:20:11,27.93,27.75,27.75,28.03 x 1100,28.06 x 800,17541618
202,28-9-2018  11:20:35,27.93,27.75,27.75,28.03 x 1100,28.06 x 800,17541618
203,28-9-2018  11:20:59,27.88,27.75,27.75,28.03 x 1100,28.02 x 800,17541618
204,28-9-2018  11:21:23,27.88,27.75,27.75,27.9700 x 1100,28.0200 x 800,17541618
205,28-9-2018  11:21:47,27.93,27.75,27.75,27.97 x 1100,27.95 x 800,17541618
206,28-9-2018  11:22:11,27.9001,27.75,27.75,27.9700 x 1100,27.9500 x 800,17541618
207,28-9-2018  11:22:35,27.94,27.75,27.75,27.90 x 1100,27.91 x 1300,17541618
208,28-9-2018  11:22:59,27.94,27.75,27.75,27.9000 x 1100,27.9100 x 1300,17541618
209,28-9-2018  11:23:23,27.94,27.75,27.75,27.97 x 1000,27.99 x 1300,17541618
210,28-9-2018  11:23:47,27.92,27.75,27.75,27.97 x 1000,27.99 x 1300,17541618
211,28-9-2018  11:24:11,27.93,27.75,27.75,27.93 x 1000,27.96 x 1300,17541618
212,28-9-2018  11:24:35,27.92,27.75,27.75,27.93 x 1000,27.96 x 1300,17541618
213,28-9-2018  11:24:59,27.92,27.75,27.75,27.93 x 1000,27.96 x 1200,17541618
214,28-9-2018  11:25:23,27.9361,27.75,27.75,27.9300 x 1000,27.9600 x 1400,17541618
215,28-9-2018  11:25:46,27.91,27.75,27.75,27.98 x 1000,27.99 x 1400,17541618
216,28-9-2018  11:26:10,27.88,27.75,27.75,28.010 x 1000,28.030 x 1400,17541618
217,28-9-2018  11:26:35,27.8701,27.75,27.75,28.0100 x 1000,28.0300 x 1400,17541618
218,28-9-2018  11:26:59,27.88,27.75,27.75,28.01 x 1000,28.03 x 1400,17541618
219,28-9-2018  11:27:23,27.88,27.75,27.75,28.01 x 1000,28.03 x 1400,17541618
220,28-9-2018  11:27:47,27.86,27.75,27.75,28.02 x 1000,28.03 x 1400,17541618
221,28-9-2018  11:28:11,27.8568,27.75,27.75,27.9900 x 3000,28.0300 x 1400,17541618
222,28-9-2018  11:28:35,27.8101,27.75,27.75,27.99 x 3000,27.98 x 900,17541618
223,28-9-2018  11:28:59,27.7949,27.75,27.75,27.9900 x 3000,27.9800 x 900,17541618
224,28-9-2018  11:29:23,27.82,27.75,27.75,27.99 x 3000,27.98 x 900,17541618
225,28-9-2018  11:29:47,27.81,27.75,27.75,27.97 x 3000,27.98 x 900,17541618
226,28-9-2018  11:30:11,27.8,27.75,27.75,27.94 x 3000,27.98 x 900,17541618
227,28-9-2018  11:30:36,27.82,27.75,27.75,27.94 x 3000,27.98 x 900,17541618
228,28-9-2018  11:31:0,27.81,27.75,27.75,27.90 x 800,27.93 x 900,17541618
229,28-9-2018  11:31:24,27.81,27.75,27.75,27.90 x 800,27.93 x 900,17541618
230,28-9-2018  11:31:48,27.82,27.75,27.75,27.87 x 800,27.89 x 900,17541618
231,28-9-2018  11:32:13,27.82,27.75,27.75,27.87 x 800,27.89 x 900,17541618
232,28-9-2018  11:32:37,27.85,27.75,27.75,27.87 x 800,27.89 x 800,17541618
233,28-9-2018  11:33:1,27.79,27.75,27.75,27.87 x 800,27.89 x 800,17541618
234,28-9-2018  11:33:25,27.8009,27.75,27.75,27.8700 x 800,27.8900 x 800,17541618
235,28-9-2018  11:33:49,27.8,27.75,27.75,27.930 x 1000,27.940 x 800,17541618
236,28-9-2018  11:34:13,27.78,27.75,27.75,27.93 x 1000,27.94 x 800,17541618
237,28-9-2018  11:34:37,27.76,27.75,27.75,27.93 x 1000,27.94 x 1300,17541618
238,28-9-2018  11:35:1,27.7799,27.75,27.75,27.9500 x 1000,27.9400 x 1300,17541618
239,28-9-2018  11:35:25,27.75,27.75,27.75,27.95 x 1000,27.94 x 1300,17541618
240,28-9-2018  11:35:50,27.74,27.75,27.75,27.95 x 1000,27.94 x 1300,17541618
241,28-9-2018  11:36:14,27.71,27.75,27.75,27.89 x 1000,27.93 x 1300,17541618
242,28-9-2018  11:36:38,27.68,27.75,27.75,27.89 x 1000,27.93 x 1300,17541618
243,28-9-2018  11:37:2,27.65,27.75,27.75,27.89 x 1000,27.93 x 1300,17541618
244,28-9-2018  11:37:26,27.63,27.75,27.75,27.88 x 1000,27.92 x 900,17541618
245,28-9-2018  11:37:50,27.65,27.75,27.75,27.88 x 1000,27.92 x 900,17541618
246,28-9-2018  11:38:14,27.69,27.75,27.75,27.88 x 1000,27.92 x 900,17541618
247,28-9-2018  11:38:38,27.69,27.75,27.75,27.88 x 1000,27.92 x 900,17541618
248,28-9-2018  11:39:2,27.7,27.75,27.75,27.90 x 1000,27.93 x 1000,17541618
249,28-9-2018  11:39:26,27.695,27.75,27.75,27.900 x 1000,27.930 x 1000,17541618
250,28-9-2018  11:39:50,27.71,27.75,27.75,27.90 x 1000,27.93 x 1000,17541618
251,28-9-2018  11:40:14,27.695,27.75,27.75,27.9000 x 800,27.9300 x 1300,17541618
252,28-9-2018  11:40:38,27.695,27.75,27.75,27.9000 x 800,27.9300 x 1200,17541618
253,28-9-2018  11:41:3,27.6625,27.75,27.75,27.9100 x 800,27.9300 x 1300,17541618
254,28-9-2018  11:41:27,27.65,27.75,27.75,27.91 x 800,27.93 x 1300,17541618
255,28-9-2018  11:41:51,27.645,27.75,27.75,27.870 x 800,27.880 x 1300,17541618
256,28-9-2018  11:42:15,27.64,27.75,27.75,27.87 x 800,27.88 x 1300,17541618
257,28-9-2018  11:42:40,27.605,27.75,27.75,27.870 x 800,27.880 x 1800,17541618
258,28-9-2018  11:43:4,27.66,27.75,27.75,27.87 x 800,27.88 x 1800,17541618
259,28-9-2018  11:43:28,27.63,27.75,27.75,27.83 x 800,27.86 x 1800,17541618
260,28-9-2018  11:43:52,27.63,27.75,27.75,27.83 x 800,27.86 x 1800,17541618
261,28-9-2018  11:44:16,27.63,27.75,27.75,27.80 x 1300,27.81 x 1000,17541618
262,28-9-2018  11:44:40,27.611,27.75,27.75,27.800 x 1300,27.810 x 1000,17541618
263,28-9-2018  11:45:4,27.61,27.75,27.75,27.79 x 1300,27.80 x 1400,17541618
264,28-9-2018  11:45:28,27.62,27.75,27.75,27.79 x 1300,27.80 x 1400,17541618
265,28-9-2018  11:45:52,27.62,27.75,27.75,27.81 x 1300,27.83 x 1400,17541618
266,28-9-2018  11:46:16,27.59,27.75,27.75,27.81 x 1300,27.83 x 1400,17541618
267,28-9-2018  11:46:40,27.6,27.75,27.75,27.79 x 1300,27.80 x 1800,17541618
268,28-9-2018  11:47:4,27.63,27.75,27.75,27.7900 x 1300,27.8000 x 1800,17541618
269,28-9-2018  11:47:29,27.62,27.75,27.75,27.79 x 1300,27.80 x 1800,17541618
270,28-9-2018  11:47:53,27.64,27.75,27.75,27.83 x 1300,27.84 x 1800,17541618
271,28-9-2018  11:48:17,27.64,27.75,27.75,27.77 x 1300,27.80 x 1800,17541618
272,28-9-2018  11:48:41,27.65,27.75,27.75,27.77 x 1300,27.80 x 1800,17541618
273,28-9-2018  11:49:5,27.665,27.75,27.75,27.770 x 1300,27.800 x 1800,17541618
274,28-9-2018  11:49:29,27.67,27.75,27.75,27.77 x 800,27.78 x 1400,17541618
275,28-9-2018  11:49:54,27.665,27.75,27.75,27.770 x 800,27.780 x 1400,17541618
276,28-9-2018  11:50:18,27.635,27.75,27.75,27.75 x 800,27.76 x 2200,17541618
277,28-9-2018  11:50:42,27.64,27.75,27.75,27.75 x 800,27.76 x 2200,17541618
278,28-9-2018  11:51:6,27.6,27.75,27.75,27.73 x 1000,27.74 x 3200,17541618
279,28-9-2018  11:51:30,27.61,27.75,27.75,27.73 x 1000,27.74 x 3200,17541618
280,28-9-2018  11:51:54,27.6,27.75,27.75,27.73 x 1000,27.74 x 3200,17541618
281,28-9-2018  11:52:18,27.58,27.75,27.75,27.63 x 800,27.66 x 800,17541618
282,28-9-2018  11:52:42,27.57,27.75,27.75,27.63 x 800,27.66 x 800,17541618
283,28-9-2018  11:53:6,27.53,27.75,27.75,27.64 x 800,27.66 x 800,17541618
284,28-9-2018  11:53:30,27.54,27.75,27.75,27.64 x 800,27.66 x 800,17541618
285,28-9-2018  11:53:54,27.525,27.75,27.75,27.640 x 800,27.660 x 800,17541618
286,28-9-2018  11:54:18,27.52,27.75,27.75,27.69 x 800,27.69 x 800,17541618
287,28-9-2018  11:54:42,27.53,27.75,27.75,27.69 x 800,27.69 x 800,17541618
288,28-9-2018  11:55:6,27.5278,27.75,27.75,27.6900 x 800,27.6900 x 800,17541618
289,28-9-2018  11:55:30,27.5205,27.75,27.75,27.7000 x 1200,27.7100 x 800,17541618
290,28-9-2018  11:55:54,27.52,27.75,27.75,27.70 x 1200,27.71 x 800,17541618
291,28-9-2018  11:56:19,27.55,27.75,27.75,27.68 x 1200,27.69 x 1200,17541618
292,28-9-2018  11:56:43,27.55,27.75,27.75,27.6800 x 1200,27.6900 x 1200,17541618
293,28-9-2018  11:57:7,27.54,27.75,27.75,27.64 x 1200,27.65 x 1200,17541618
294,28-9-2018  11:57:31,27.53,27.75,27.75,27.610 x 800,27.620 x 1200,17541618
295,28-9-2018  11:57:55,27.5437,27.75,27.75,27.6100 x 800,27.6200 x 1200,17541618
296,28-9-2018  11:58:20,27.53,27.75,27.75,27.61 x 800,27.62 x 1200,17541618
297,28-9-2018  11:58:44,27.54,27.75,27.75,27.64 x 800,27.66 x 1200,17541618
298,28-9-2018  11:59:8,27.55,27.75,27.75,27.64 x 800,27.66 x 1200,17541618
299,28-9-2018  11:59:32,27.54,27.75,27.75,27.6400 x 800,27.6500 x 1200,17541618
300,28-9-2018  11:59:56,27.55,27.75,27.75,27.62 x 800,27.65 x 1200,17541618
301,28-9-2018  12:0:21,27.54,27.75,27.75,27.62 x 800,27.65 x 1200,17541618
302,28-9-2018  12:0:45,27.54,27.75,27.75,27.62 x 800,27.65 x 800,17541618
303,28-9-2018  12:1:9,27.55,27.75,27.75,27.62 x 800,27.62 x 1400,17541618
304,28-9-2018  12:1:33,27.5783,27.75,27.75,27.6200 x 800,27.6200 x 1400,17541618
305,28-9-2018  12:1:58,27.58,27.75,27.75,27.60 x 800,27.62 x 1400,17541618
306,28-9-2018  12:2:22,27.63,27.75,27.75,27.60 x 800,27.62 x 1400,17541618
307,28-9-2018  12:2:46,27.65,27.75,27.75,27.62 x 800,27.64 x 1400,17541618
308,28-9-2018  12:3:11,27.63,27.75,27.75,27.62 x 800,27.64 x 1400,17541618
309,28-9-2018  12:3:35,27.64,27.75,27.75,27.62 x 800,27.64 x 1400,17541618
310,28-9-2018  12:3:59,27.63,27.75,27.75,27.62 x 800,27.64 x 1400,17541618
311,28-9-2018  12:4:23,27.63,27.75,27.75,27.62 x 800,27.64 x 1400,17541618
312,28-9-2018  12:4:48,27.67,27.75,27.75,27.62 x 800,27.64 x 1400,17541618
313,28-9-2018  12:5:12,27.65,27.75,27.75,27.67 x 800,27.67 x 1400,17541618
314,28-9-2018  12:5:36,27.66,27.75,27.75,27.6700 x 800,27.6700 x 1400,17541618
315,28-9-2018  12:6:0,27.67,27.75,27.75,27.67 x 800,27.67 x 1400,17541618
316,28-9-2018  12:6:24,27.67,27.75,27.75,27.63 x 800,27.64 x 1400,17541618
317,28-9-2018  12:6:48,27.68,27.75,27.75,27.63 x 800,27.62 x 1400,17541618
318,28-9-2018  12:7:12,27.67,27.75,27.75,27.58 x 800,27.62 x 1400,17541618
319,28-9-2018  12:7:37,27.665,27.75,27.75,27.580 x 800,27.620 x 1400,17541618
320,28-9-2018  12:8:1,27.66,27.75,27.75,27.56 x 800,27.59 x 1400,17541618
321,28-9-2018  12:8:25,27.69,27.75,27.75,27.56 x 800,27.59 x 1400,17541618
322,28-9-2018  12:8:49,27.681,27.75,27.75,27.520 x 800,27.550 x 1400,17541618
323,28-9-2018  12:9:14,27.685,27.75,27.75,27.5200 x 800,27.5500 x 1400,17541618
324,28-9-2018  12:9:38,27.68,27.75,27.75,27.51 x 800,27.53 x 1400,17541618
325,28-9-2018  12:10:2,27.665,27.75,27.75,27.510 x 800,27.530 x 1400,17541618
326,28-9-2018  12:10:27,27.7,27.75,27.75,27.51 x 800,27.53 x 1400,17541618
327,28-9-2018  12:10:51,27.7,27.75,27.75,27.51 x 800,27.53 x 1400,17541618
328,28-9-2018  12:11:15,27.7,27.75,27.75,27.510 x 800,27.520 x 1400,17541618
329,28-9-2018  12:11:39,27.7,27.75,27.75,27.51 x 800,27.52 x 1400,17541618
330,28-9-2018  12:12:3,27.69,27.75,27.75,27.53 x 800,27.55 x 1400,17541618
331,28-9-2018  12:12:27,27.7,27.75,27.75,27.53 x 800,27.55 x 1400,17541618
332,28-9-2018  12:12:51,27.7,27.75,27.75,27.530 x 800,27.550 x 1400,17541618
333,28-9-2018  12:13:15,27.68,27.75,27.75,27.5400 x 800,27.5400 x 1800,17541618
334,28-9-2018  12:13:39,27.68,27.75,27.75,27.53 x 800,27.54 x 1800,17541618
335,28-9-2018  12:14:3,27.67,27.75,27.75,27.53 x 800,27.55 x 1100,17541618
336,28-9-2018  12:14:27,27.67,27.75,27.75,27.53 x 800,27.55 x 1100,17541618
337,28-9-2018  12:14:52,27.665,27.75,27.75,27.540 x 800,27.550 x 1100,17541618
338,28-9-2018  12:15:16,27.65,27.75,27.75,27.54 x 800,27.55 x 800,17541618
339,28-9-2018  12:15:40,27.6879,27.75,27.75,27.5400 x 800,27.5500 x 800,17541618
340,28-9-2018  12:16:5,27.69,27.75,27.75,27.53 x 800,27.54 x 800,17541618
341,28-9-2018  12:16:29,27.7,27.75,27.75,27.5500 x 1800,27.5500 x 800,17541618
342,28-9-2018  12:16:53,27.6982,27.75,27.75,27.5500 x 1800,27.5500 x 800,17541618
343,28-9-2018  12:17:17,27.67,27.75,27.75,27.60 x 1200,27.61 x 800,17541618
344,28-9-2018  12:17:41,27.675,27.75,27.75,27.600 x 1200,27.610 x 800,17541618
345,28-9-2018  12:18:5,27.67,27.75,27.75,27.63 x 1200,27.64 x 800,17541618
346,28-9-2018  12:18:29,27.66,27.75,27.75,27.63 x 1200,27.64 x 800,17541618
347,28-9-2018  12:18:53,27.6692,27.75,27.75,27.630 x 1200,27.640 x 800,17541618
348,28-9-2018  12:19:17,27.63,27.75,27.75,27.63 x 1200,27.64 x 800,17541618
349,28-9-2018  12:19:41,27.595,27.75,27.75,27.62 x 1200,27.64 x 800,17541618
350,28-9-2018  12:20:5,27.595,27.75,27.75,27.65 x 1200,27.67 x 800,17541618
351,28-9-2018  12:20:29,27.6,27.75,27.75,27.65 x 1200,27.67 x 800,17541618
352,28-9-2018  12:20:53,27.605,27.75,27.75,27.650 x 1200,27.670 x 800,17541618
353,28-9-2018  12:21:17,27.5999,27.75,27.75,27.6500 x 1200,27.6800 x 800,17541618
354,28-9-2018  12:21:41,27.59,27.75,27.75,27.65 x 1200,27.68 x 800,17541618
355,28-9-2018  12:22:6,27.58,27.75,27.75,27.65 x 1200,27.68 x 800,17541618
356,28-9-2018  12:22:30,27.5695,27.75,27.75,27.6500 x 1200,27.6800 x 800,17541618
357,28-9-2018  12:22:54,27.56,27.75,27.75,27.65 x 1200,27.66 x 1800,17541618
358,28-9-2018  12:23:18,27.54,27.75,27.75,27.68 x 1200,27.69 x 1800,17541618
359,28-9-2018  12:23:42,27.555,27.75,27.75,27.680 x 1200,27.690 x 1800,17541618
360,28-9-2018  12:24:6,27.56,27.75,27.75,27.68 x 1200,27.69 x 1800,17541618
361,28-9-2018  12:24:31,27.58,27.75,27.75,27.68 x 1200,27.69 x 1800,17541618
362,28-9-2018  12:24:55,27.56,27.75,27.75,27.6800 x 1200,27.6800 x 1100,17541618
363,28-9-2018  12:25:20,27.58,27.75,27.75,27.67 x 1800,27.68 x 1100,17541618
364,28-9-2018  12:25:44,27.5699,27.75,27.75,27.6700 x 1800,27.6800 x 1100,17541618
365,28-9-2018  12:26:8,27.5651,27.75,27.75,27.6700 x 1800,27.6800 x 1100,17541618
366,28-9-2018  12:26:32,27.56,27.75,27.75,27.67 x 1800,27.71 x 1100,17541618
367,28-9-2018  12:26:56,27.58,27.75,27.75,27.6900 x 1800,27.7100 x 800,17541618
368,28-9-2018  12:27:20,27.58,27.75,27.75,27.69 x 1800,27.71 x 800,17541618
369,28-9-2018  12:27:45,27.53,27.75,27.75,27.69 x 1800,27.69 x 800,17541618
370,28-9-2018  12:28:9,27.53,27.75,27.75,27.6900 x 1800,27.6900 x 800,17541618
371,28-9-2018  12:28:33,27.53,27.75,27.75,27.69 x 1800,27.69 x 800,17541618
372,28-9-2018  12:28:57,27.454,27.75,27.75,27.670 x 1800,27.680 x 1400,17541618
373,28-9-2018  12:29:21,27.45,27.75,27.75,27.67 x 1800,27.68 x 1400,17541618
374,28-9-2018  12:29:46,27.47,27.75,27.75,27.67 x 1800,27.68 x 1400,17541618
375,28-9-2018  12:30:10,27.56,27.75,27.75,27.67 x 1800,27.67 x 1400,17541618
376,28-9-2018  12:30:34,27.56,27.75,27.75,27.650 x 1800,27.670 x 800,17541618
377,28-9-2018  12:30:58,27.52,27.75,27.75,27.65 x 1800,27.67 x 800,17541618
378,28-9-2018  12:31:22,27.52,27.75,27.75,27.69 x 1800,27.67 x 800,17541618
379,28-9-2018  12:31:46,27.52,27.75,27.75,27.69 x 1800,27.67 x 800,17541618
380,28-9-2018  12:32:10,27.52,27.75,27.75,27.6700 x 1800,27.6900 x 800,17541618
381,28-9-2018  12:32:35,27.5,27.75,27.75,27.67 x 1800,27.69 x 800,17541618
382,28-9-2018  12:32:59,27.49,27.75,27.75,27.65 x 1800,27.67 x 1300,17541618
383,28-9-2018  12:33:23,27.47,27.75,27.75,27.65 x 1800,27.67 x 1300,17541618
384,28-9-2018  12:33:47,27.47,27.75,27.75,27.65 x 1800,27.67 x 1300,17541618
385,28-9-2018  12:34:11,27.47,27.75,27.75,27.65 x 1800,27.66 x 2200,17541618
386,28-9-2018  12:34:36,27.47,27.75,27.75,27.65 x 1800,27.66 x 2200,17541618
387,28-9-2018  12:35:0,27.45,27.75,27.75,27.65 x 1800,27.66 x 1000,17541618
388,28-9-2018  12:35:24,27.45,27.75,27.75,27.58 x 1800,27.59 x 1800,17541618
389,28-9-2018  12:35:48,27.4501,27.75,27.75,27.5800 x 1800,27.5900 x 1800,17541618
390,28-9-2018  12:36:12,27.45,27.75,27.75,27.58 x 1800,27.59 x 1800,17541618
391,28-9-2018  12:36:37,27.4497,27.75,27.75,27.5800 x 1800,27.6000 x 1800,17541618
392,28-9-2018  12:37:1,27.44,27.75,27.75,27.58 x 1800,27.60 x 1200,17541618
393,28-9-2018  12:37:24,27.478,27.75,27.75,27.580 x 1800,27.590 x 1200,17541618
394,28-9-2018  12:37:48,27.475,27.75,27.75,27.580 x 1800,27.590 x 1200,17541618
395,28-9-2018  12:38:13,27.47,27.75,27.75,27.55 x 1800,27.56 x 1200,17541618
396,28-9-2018  12:38:37,27.46,27.75,27.75,27.55 x 1800,27.56 x 1200,17541618
397,28-9-2018  12:39:1,27.46,27.75,27.75,27.560 x 1000,27.570 x 1200,17541618
398,28-9-2018  12:39:25,27.46,27.75,27.75,27.56 x 1000,27.57 x 1200,17541618
399,28-9-2018  12:39:50,27.469,27.75,27.75,27.560 x 1000,27.570 x 1200,17541618
400,28-9-2018  12:40:14,27.461,27.75,27.75,27.570 x 1000,27.580 x 2200,17541618
401,28-9-2018  12:40:38,27.45,27.75,27.75,27.57 x 1000,27.58 x 2200,17541618
402,28-9-2018  12:41:2,27.45,27.75,27.75,27.57 x 1000,27.57 x 1000,17541618
403,28-9-2018  12:41:26,27.43,27.75,27.75,27.550 x 1000,27.570 x 1000,17541618
404,28-9-2018  12:41:50,27.4,27.75,27.75,27.55 x 1000,27.57 x 1000,17541618
405,28-9-2018  12:42:14,27.42,27.75,27.75,27.56 x 1000,27.57 x 1000,17541618
406,28-9-2018  12:42:39,27.4,27.75,27.75,27.56 x 1000,27.56 x 1000,17541618
407,28-9-2018  12:43:3,27.4,27.75,27.75,27.56 x 1000,27.56 x 1000,17541618
408,28-9-2018  12:43:27,27.3575,27.75,27.75,27.5600 x 1000,27.5600 x 1000,17541618
409,28-9-2018  12:43:51,27.3463,27.75,27.75,27.5100 x 1000,27.5400 x 1000,17541618
410,28-9-2018  12:44:15,27.33,27.75,27.75,27.51 x 1000,27.54 x 1000,17541618
411,28-9-2018  12:44:39,27.3,27.75,27.75,27.43 x 1800,27.46 x 2900,17541618
412,28-9-2018  12:45:4,27.29,27.75,27.75,27.43 x 1800,27.46 x 2900,17541618
413,28-9-2018  12:45:28,27.23,27.75,27.75,27.43 x 1800,27.46 x 2900,17541618
414,28-9-2018  12:45:52,27.22,27.75,27.75,27.43 x 1800,27.46 x 2900,17541618
415,28-9-2018  12:46:16,27.19,27.75,27.75,27.52 x 1800,27.58 x 2900,17541618
416,28-9-2018  12:46:40,27.28,27.75,27.75,27.51 x 1400,27.54 x 2900,17541618
417,28-9-2018  12:47:5,27.28,27.75,27.75,27.51 x 1400,27.53 x 2900,17541618
418,28-9-2018  12:47:29,27.2673,27.75,27.75,27.5100 x 1400,27.5300 x 2900,17541618
419,28-9-2018  12:47:53,27.24,27.75,27.75,27.51 x 1400,27.50 x 2900,17541618
