time,time,Main Price,Prev Close,Open,Bid,Ask,Volume
2-10-2018  9:35:58,2-10-2018  9:35:58,26.67,26.91,26.51,26.50 x 1000,26.59 x 800,16788706
2-10-2018  9:36:27,2-10-2018  9:36:27,26.6635,26.91,26.51,26.50 x 1000,26.59 x 800,16788706
2-10-2018  9:36:43,2-10-2018  9:36:43,26.5901,26.91,26.51,26.500 x 1000,26.590 x 800,16788706
2-10-2018  9:36:59,2-10-2018  9:36:59,26.58,26.91,26.51,26.50 x 1000,26.59 x 800,16788706
2-10-2018  9:37:15,2-10-2018  9:37:15,26.555,26.91,26.51,26.500 x 1000,26.590 x 800,16788706
2-10-2018  9:37:31,2-10-2018  9:37:31,26.55,26.91,26.51,26.50 x 1000,26.59 x 800,16788706
2-10-2018  9:37:47,2-10-2018  9:37:47,26.6,26.91,26.51,26.50 x 1000,26.59 x 800,16788706
2-10-2018  9:38:34,2-10-2018  9:38:34,26.495,26.91,26.51,26.500 x 1000,26.590 x 800,16788706
2-10-2018  9:38:51,2-10-2018  9:38:51,26.495,26.91,26.51,26.50 x 1000,26.59 x 800,16788706
2-10-2018  9:39:7,2-10-2018  9:39:7,26.53,26.91,26.51,26.50 x 1000,26.59 x 800,16788706
2-10-2018  9:39:23,2-10-2018  9:39:23,26.5149,26.91,26.51,26.5000 x 1000,26.5900 x 800,16788706
2-10-2018  9:39:39,2-10-2018  9:39:39,26.51,26.91,26.51,26.50 x 1000,26.59 x 800,16788706
2-10-2018  9:39:54,2-10-2018  9:39:54,26.515,26.91,26.51,26.500 x 1000,26.630 x 800,16788706
2-10-2018  9:40:10,2-10-2018  9:40:10,26.56,26.91,26.51,26.50 x 1000,26.63 x 800,16788706
2-10-2018  9:40:27,2-10-2018  9:40:27,26.52,26.91,26.51,26.50 x 1000,26.63 x 800,16788706
2-10-2018  9:40:43,2-10-2018  9:40:43,26.5301,26.91,26.51,26.5000 x 1000,26.6500 x 800,16788706
2-10-2018  9:40:59,2-10-2018  9:40:59,26.5605,26.91,26.51,26.5000 x 1000,26.6500 x 800,16788706
2-10-2018  9:41:15,2-10-2018  9:41:15,26.64,26.91,26.51,26.50 x 1000,26.65 x 800,16788706
2-10-2018  9:41:30,2-10-2018  9:41:30,26.59,26.91,26.51,26.50 x 1000,26.65 x 800,16788706
2-10-2018  9:41:46,2-10-2018  9:41:46,26.5564,26.91,26.51,26.5000 x 1000,26.6500 x 800,16788706
2-10-2018  9:42:2,2-10-2018  9:42:2,26.64,26.91,26.51,26.5000 x 1000,26.6500 x 800,16788706
2-10-2018  9:42:18,2-10-2018  9:42:18,26.6499,26.91,26.51,26.5000 x 1000,26.6500 x 800,16788706
2-10-2018  9:42:34,2-10-2018  9:42:34,26.63,26.91,26.51,26.45 x 1000,26.65 x 800,16788706
2-10-2018  9:42:50,2-10-2018  9:42:50,26.585,26.91,26.51,26.450 x 1000,26.650 x 800,16788706
2-10-2018  9:43:6,2-10-2018  9:43:6,26.585,26.91,26.51,26.450 x 1000,26.650 x 800,16788706
2-10-2018  9:43:22,2-10-2018  9:43:22,26.62,26.91,26.51,26.45 x 1000,26.65 x 800,16788706
2-10-2018  9:43:38,2-10-2018  9:43:38,26.64,26.91,26.51,26.45 x 1000,26.65 x 800,16788706
2-10-2018  9:43:54,2-10-2018  9:43:54,26.62,26.91,26.51,26.50 x 1000,26.63 x 800,16788706
2-10-2018  9:44:10,2-10-2018  9:44:10,26.7,26.91,26.51,26.50 x 1000,26.65 x 800,16788706
2-10-2018  9:44:25,2-10-2018  9:44:25,26.695,26.91,26.51,26.500 x 1000,26.650 x 800,16788706
2-10-2018  9:44:41,2-10-2018  9:44:41,26.74,26.91,26.51,26.60 x 1000,26.65 x 800,16788706
2-10-2018  9:44:57,2-10-2018  9:44:57,26.7,26.91,26.51,26.60 x 1000,26.68 x 2200,16788706
2-10-2018  9:45:13,2-10-2018  9:45:13,26.72,26.91,26.51,26.60 x 1000,26.68 x 2200,16788706
2-10-2018  9:45:29,2-10-2018  9:45:29,26.69,26.91,26.51,26.60 x 1000,26.68 x 2200,16788706
2-10-2018  9:45:44,2-10-2018  9:45:44,26.676,26.91,26.51,26.600 x 1000,26.600 x 2200,16788706
2-10-2018  9:46:0,2-10-2018  9:46:0,26.68,26.91,26.51,26.600 x 1000,26.600 x 2200,16788706
2-10-2018  9:46:16,2-10-2018  9:46:16,26.65,26.91,26.51,26.54 x 1000,26.60 x 2200,16788706
2-10-2018  9:46:32,2-10-2018  9:46:32,26.62,26.91,26.51,26.54 x 1000,26.60 x 2200,16788706
2-10-2018  9:46:48,2-10-2018  9:46:48,26.555,26.91,26.51,26.540 x 1000,26.570 x 2200,16788706
2-10-2018  9:47:4,2-10-2018  9:47:4,26.55,26.91,26.51,26.58 x 1000,26.57 x 2200,16788706
2-10-2018  9:47:19,2-10-2018  9:47:19,26.57,26.91,26.51,26.58 x 1000,26.64 x 900,16788706
2-10-2018  9:47:35,2-10-2018  9:47:35,26.56,26.91,26.51,26.580 x 1000,26.640 x 900,16788706
2-10-2018  9:47:51,2-10-2018  9:47:51,26.55,26.91,26.51,26.7600 x 1000,26.6400 x 900,16788706
2-10-2018  9:48:7,2-10-2018  9:48:7,26.46,26.91,26.51,26.76 x 1000,26.80 x 900,16788706
2-10-2018  9:48:23,2-10-2018  9:48:23,26.41,26.91,26.51,26.7600 x 1000,26.8000 x 900,16788706
2-10-2018  9:48:38,2-10-2018  9:48:38,26.39,26.91,26.51,26.76 x 1000,26.80 x 900,16788706
2-10-2018  9:48:55,2-10-2018  9:48:55,26.38,26.91,26.51,26.82 x 1000,26.80 x 900,16788706
2-10-2018  9:49:10,2-10-2018  9:49:10,26.3986,26.91,26.51,26.8200 x 1000,26.8200 x 900,16788706
2-10-2018  9:49:26,2-10-2018  9:49:26,26.4606,26.91,26.51,26.7000 x 1000,26.8200 x 900,16788706
2-10-2018  9:49:42,2-10-2018  9:49:42,26.43,26.91,26.51,26.70 x 1000,26.82 x 900,16788706
2-10-2018  9:49:58,2-10-2018  9:49:58,26.4363,26.91,26.51,26.7000 x 1000,26.8200 x 900,16788706
2-10-2018  9:50:14,2-10-2018  9:50:14,26.38,26.91,26.51,26.70 x 1000,26.64 x 3100,16788706
2-10-2018  9:50:30,2-10-2018  9:50:30,26.37,26.91,26.51,26.61 x 1000,26.64 x 3100,16788706
2-10-2018  9:50:46,2-10-2018  9:50:46,26.38,26.91,26.51,26.61 x 1000,26.74 x 800,16788706
2-10-2018  9:51:2,2-10-2018  9:51:2,26.41,26.91,26.51,26.61 x 1000,26.74 x 800,16788706
2-10-2018  9:51:17,2-10-2018  9:51:17,26.39,26.91,26.51,26.66 x 1000,26.74 x 800,16788706
2-10-2018  9:51:33,2-10-2018  9:51:33,26.3583,26.91,26.51,26.6600 x 1000,26.6700 x 800,16788706
2-10-2018  9:51:49,2-10-2018  9:51:49,26.3,26.91,26.51,26.6600 x 1000,26.6700 x 800,16788706
2-10-2018  9:52:5,2-10-2018  9:52:5,26.28,26.91,26.51,26.58 x 800,26.67 x 800,16788706
2-10-2018  9:52:21,2-10-2018  9:52:21,26.25,26.91,26.51,26.58 x 800,26.58 x 800,16788706
2-10-2018  9:52:37,2-10-2018  9:52:37,26.32,26.91,26.51,26.5800 x 800,26.5800 x 800,16788706
2-10-2018  9:52:53,2-10-2018  9:52:53,26.31,26.91,26.51,26.54 x 800,26.58 x 800,16788706
2-10-2018  9:53:9,2-10-2018  9:53:9,26.27,26.91,26.51,26.54 x 800,26.58 x 800,16788706
2-10-2018  9:53:24,2-10-2018  9:53:24,26.3,26.91,26.51,26.54 x 800,26.58 x 800,16788706
2-10-2018  9:53:41,2-10-2018  9:53:41,26.2601,26.91,26.51,26.4900 x 900,26.5800 x 800,16788706
2-10-2018  9:53:57,2-10-2018  9:53:57,26.25,26.91,26.51,26.49 x 900,26.51 x 800,16788706
2-10-2018  9:54:13,2-10-2018  9:54:13,26.224,26.91,26.51,26.4900 x 900,26.5100 x 800,16788706
2-10-2018  9:54:29,2-10-2018  9:54:29,26.16,26.91,26.51,26.51 x 900,26.51 x 800,16788706
2-10-2018  9:54:45,2-10-2018  9:54:45,26.16,26.91,26.51,26.5100 x 900,26.5100 x 800,16788706
2-10-2018  9:55:1,2-10-2018  9:55:1,26.14,26.91,26.51,26.51 x 900,26.51 x 1400,16788706
2-10-2018  9:55:17,2-10-2018  9:55:17,26.1788,26.91,26.51,26.5200 x 900,26.5100 x 1400,16788706
2-10-2018  9:55:32,2-10-2018  9:55:32,26.15,26.91,26.51,26.52 x 900,26.51 x 1400,16788706
2-10-2018  9:55:49,2-10-2018  9:55:49,26.145,26.91,26.51,26.520 x 900,26.560 x 1400,16788706
2-10-2018  9:56:4,2-10-2018  9:56:4,26.1427,26.91,26.51,26.5600 x 900,26.5600 x 1400,16788706
2-10-2018  9:56:20,2-10-2018  9:56:20,26.135,26.91,26.51,26.560 x 900,26.560 x 1400,16788706
2-10-2018  9:56:36,2-10-2018  9:56:36,26.14,26.91,26.51,26.56 x 900,26.56 x 1400,16788706
2-10-2018  9:56:52,2-10-2018  9:56:52,26.15,26.91,26.51,26.560 x 900,26.600 x 1400,16788706
2-10-2018  9:57:8,2-10-2018  9:57:8,26.14,26.91,26.51,26.57 x 900,26.60 x 1400,16788706
2-10-2018  9:57:24,2-10-2018  9:57:24,26.17,26.91,26.51,26.57 x 900,26.60 x 1400,16788706
2-10-2018  9:57:39,2-10-2018  9:57:39,26.16,26.91,26.51,26.57 x 900,26.64 x 800,16788706
2-10-2018  9:57:56,2-10-2018  9:57:56,26.16,26.91,26.51,26.5700 x 900,26.6400 x 800,16788706
2-10-2018  9:58:11,2-10-2018  9:58:11,26.18,26.91,26.51,26.57 x 900,26.60 x 1000,16788706
2-10-2018  9:58:27,2-10-2018  9:58:27,26.18,26.91,26.51,26.57 x 900,26.60 x 1000,16788706
2-10-2018  9:58:43,2-10-2018  9:58:43,26.15,26.91,26.51,26.57 x 900,26.60 x 1000,16788706
2-10-2018  9:58:59,2-10-2018  9:58:59,26.2238,26.91,26.51,26.6400 x 900,26.6400 x 1000,16788706
2-10-2018  9:59:16,2-10-2018  9:59:16,26.26,26.91,26.51,26.64 x 900,26.64 x 1000,16788706
2-10-2018  9:59:32,2-10-2018  9:59:32,26.2334,26.91,26.51,26.6800 x 1300,26.6400 x 1000,16788706
2-10-2018  9:59:48,2-10-2018  9:59:48,26.231,26.91,26.51,26.680 x 1300,26.640 x 1000,16788706
2-10-2018  10:0:4,2-10-2018  10:0:4,26.22,26.91,26.51,26.68 x 1300,26.64 x 1000,16788706
2-10-2018  10:0:20,2-10-2018  10:0:20,26.24,26.91,26.51,26.68 x 1300,26.75 x 1000,16788706
2-10-2018  10:0:35,2-10-2018  10:0:35,26.2,26.91,26.51,26.68 x 1300,26.75 x 1000,16788706
2-10-2018  10:0:51,2-10-2018  10:0:51,26.2199,26.91,26.51,26.6700 x 1300,26.7000 x 1000,16788706
2-10-2018  10:1:8,2-10-2018  10:1:8,26.22,26.91,26.51,26.67 x 1300,26.70 x 1000,16788706
2-10-2018  10:1:23,2-10-2018  10:1:23,26.23,26.91,26.51,26.67 x 1300,26.70 x 1000,16788706
2-10-2018  10:1:40,2-10-2018  10:1:40,26.28,26.91,26.51,26.64 x 3000,26.65 x 1000,16788706
2-10-2018  10:1:56,2-10-2018  10:1:56,26.2884,26.91,26.51,26.6400 x 3000,26.6500 x 1000,16788706
2-10-2018  10:2:12,2-10-2018  10:2:12,26.25,26.91,26.51,26.64 x 3000,26.65 x 1000,16788706
2-10-2018  10:2:28,2-10-2018  10:2:28,26.23,26.91,26.51,26.64 x 3000,26.65 x 1000,16788706
2-10-2018  10:2:44,2-10-2018  10:2:44,26.23,26.91,26.51,26.64 x 3000,26.65 x 1000,16788706
2-10-2018  10:3:0,2-10-2018  10:3:0,26.225,26.91,26.51,26.540 x 3000,26.550 x 1300,16788706
2-10-2018  10:3:15,2-10-2018  10:3:15,26.215,26.91,26.51,26.540 x 3000,26.550 x 1300,16788706
2-10-2018  10:3:31,2-10-2018  10:3:31,26.21,26.91,26.51,26.43 x 3000,26.45 x 1300,16788706
2-10-2018  10:3:47,2-10-2018  10:3:47,26.198,26.91,26.51,26.430 x 3000,26.450 x 1300,16788706
2-10-2018  10:4:3,2-10-2018  10:4:3,26.18,26.91,26.51,26.4300 x 3000,26.4500 x 1300,16788706
2-10-2018  10:4:19,2-10-2018  10:4:19,26.15,26.91,26.51,26.43 x 3000,26.45 x 1300,16788706
2-10-2018  10:4:34,2-10-2018  10:4:34,26.14,26.91,26.51,26.39 x 3000,26.43 x 800,16788706
2-10-2018  10:4:50,2-10-2018  10:4:50,26.13,26.91,26.51,26.39 x 3000,26.43 x 800,16788706
2-10-2018  10:5:6,2-10-2018  10:5:6,26.13,26.91,26.51,26.39 x 3000,26.40 x 3000,16788706
2-10-2018  10:5:22,2-10-2018  10:5:22,26.16,26.91,26.51,26.39 x 3000,26.40 x 3000,16788706
2-10-2018  10:5:38,2-10-2018  10:5:38,26.2,26.91,26.51,26.39 x 3000,26.40 x 3000,16788706
2-10-2018  10:5:54,2-10-2018  10:5:54,26.22,26.91,26.51,26.39 x 3000,26.40 x 3000,16788706
2-10-2018  10:6:10,2-10-2018  10:6:10,26.2,26.91,26.51,26.38 x 3000,26.37 x 2200,16788706
2-10-2018  10:6:26,2-10-2018  10:6:26,26.2,26.91,26.51,26.38 x 3000,26.37 x 2200,16788706
2-10-2018  10:6:42,2-10-2018  10:6:42,26.19,26.91,26.51,26.3800 x 800,26.3700 x 2200,16788706
2-10-2018  10:6:58,2-10-2018  10:6:58,26.17,26.91,26.51,26.3400 x 800,26.3300 x 2200,16788706
2-10-2018  10:7:14,2-10-2018  10:7:14,26.17,26.91,26.51,26.34 x 800,26.33 x 2200,16788706
2-10-2018  10:7:30,2-10-2018  10:7:30,26.15,26.91,26.51,26.25 x 800,26.33 x 2200,16788706
2-10-2018  10:7:45,2-10-2018  10:7:45,26.15,26.91,26.51,26.25 x 800,26.26 x 2200,16788706
2-10-2018  10:8:1,2-10-2018  10:8:1,26.13,26.91,26.51,26.25 x 800,26.26 x 2200,16788706
2-10-2018  10:8:17,2-10-2018  10:8:17,26.1502,26.91,26.51,26.2800 x 800,26.2600 x 2200,16788706
2-10-2018  10:8:33,2-10-2018  10:8:33,26.1201,26.91,26.51,26.2800 x 800,26.3100 x 2200,16788706
2-10-2018  10:8:49,2-10-2018  10:8:49,26.08,26.91,26.51,26.28 x 800,26.31 x 2200,16788706
2-10-2018  10:9:5,2-10-2018  10:9:5,26.05,26.91,26.51,26.25 x 800,26.31 x 2200,16788706
2-10-2018  10:9:20,2-10-2018  10:9:20,26.08,26.91,26.51,26.25 x 800,26.24 x 2200,16788706
2-10-2018  10:9:36,2-10-2018  10:9:36,26.092,26.91,26.51,26.250 x 800,26.240 x 2200,16788706
2-10-2018  10:9:52,2-10-2018  10:9:52,26.07,26.91,26.51,26.25 x 800,26.24 x 2200,16788706
2-10-2018  10:10:8,2-10-2018  10:10:8,26.13,26.91,26.51,26.15 x 800,26.13 x 1200,16788706
2-10-2018  10:10:24,2-10-2018  10:10:24,26.09,26.91,26.51,26.15 x 800,26.13 x 1200,16788706
2-10-2018  10:10:40,2-10-2018  10:10:40,26.07,26.91,26.51,26.14 x 800,26.13 x 1200,16788706
2-10-2018  10:10:55,2-10-2018  10:10:55,26.06,26.91,26.51,26.14 x 800,26.16 x 1200,16788706
2-10-2018  10:11:12,2-10-2018  10:11:12,26.07,26.91,26.51,26.14 x 800,26.16 x 1200,16788706
2-10-2018  10:11:27,2-10-2018  10:11:27,26.08,26.91,26.51,26.14 x 800,26.16 x 1200,16788706
2-10-2018  10:11:43,2-10-2018  10:11:43,26.11,26.91,26.51,26.1400 x 800,26.1500 x 1200,16788706
2-10-2018  10:11:59,2-10-2018  10:11:59,26.11,26.91,26.51,26.14 x 800,26.15 x 1200,16788706
2-10-2018  10:12:15,2-10-2018  10:12:15,26.11,26.91,26.51,26.14 x 800,26.15 x 1200,16788706
2-10-2018  10:12:31,2-10-2018  10:12:31,26.11,26.91,26.51,26.14 x 800,26.15 x 1200,16788706
2-10-2018  10:12:47,2-10-2018  10:12:47,25.965,26.91,26.51,26.170 x 800,26.180 x 1200,16788706
2-10-2018  10:13:3,2-10-2018  10:13:3,26.03,26.91,26.51,26.1700 x 800,26.1800 x 1200,16788706
2-10-2018  10:13:19,2-10-2018  10:13:19,26.01,26.91,26.51,26.18 x 800,26.18 x 1200,16788706
2-10-2018  10:13:35,2-10-2018  10:13:35,25.99,26.91,26.51,26.18 x 800,26.18 x 1200,16788706
2-10-2018  10:13:51,2-10-2018  10:13:51,25.97,26.91,26.51,26.18 x 800,26.20 x 1200,16788706
2-10-2018  10:14:6,2-10-2018  10:14:6,25.9846,26.91,26.51,26.1800 x 800,26.2000 x 1200,16788706
2-10-2018  10:14:22,2-10-2018  10:14:22,25.96,26.91,26.51,26.22 x 800,26.27 x 1200,16788706
2-10-2018  10:14:39,2-10-2018  10:14:39,25.9774,26.91,26.51,26.2200 x 800,26.2700 x 1200,16788706
2-10-2018  10:14:54,2-10-2018  10:14:54,25.9704,26.91,26.51,26.2200 x 800,26.2700 x 1200,16788706
2-10-2018  10:15:10,2-10-2018  10:15:10,25.95,26.91,26.51,26.22 x 800,26.27 x 1200,16788706
2-10-2018  10:15:26,2-10-2018  10:15:26,25.96,26.91,26.51,26.22 x 800,26.22 x 1100,16788706
2-10-2018  10:15:42,2-10-2018  10:15:42,25.97,26.91,26.51,26.22 x 800,26.22 x 1100,16788706
2-10-2018  10:15:58,2-10-2018  10:15:58,25.97,26.91,26.51,26.19 x 800,26.21 x 1100,16788706
2-10-2018  10:16:14,2-10-2018  10:16:14,25.99,26.91,26.51,26.19 x 800,26.21 x 1100,16788706
2-10-2018  10:16:30,2-10-2018  10:16:30,25.97,26.91,26.51,26.1900 x 800,26.2100 x 1100,16788706
2-10-2018  10:16:46,2-10-2018  10:16:46,25.97,26.91,26.51,26.24 x 800,26.31 x 1100,16788706
2-10-2018  10:17:3,2-10-2018  10:17:3,25.9736,26.91,26.51,26.2400 x 800,26.3100 x 1100,16788706
2-10-2018  10:17:18,2-10-2018  10:17:18,25.98,26.91,26.51,26.24 x 800,26.31 x 1100,16788706
2-10-2018  10:17:34,2-10-2018  10:17:34,25.99,26.91,26.51,26.22 x 800,26.31 x 1100,16788706
2-10-2018  10:17:50,2-10-2018  10:17:50,25.96,26.91,26.51,26.22 x 800,26.23 x 1100,16788706
2-10-2018  10:18:6,2-10-2018  10:18:6,25.97,26.91,26.51,26.22 x 800,26.23 x 1100,16788706
2-10-2018  10:18:22,2-10-2018  10:18:22,25.97,26.91,26.51,26.23 x 800,26.23 x 1100,16788706
2-10-2018  10:18:38,2-10-2018  10:18:38,25.97,26.91,26.51,26.23 x 800,26.23 x 1100,16788706
2-10-2018  10:18:53,2-10-2018  10:18:53,25.96,26.91,26.51,26.23 x 800,26.23 x 1100,16788706
2-10-2018  10:19:9,2-10-2018  10:19:9,25.97,26.91,26.51,26.17 x 800,26.17 x 1100,16788706
2-10-2018  10:19:25,2-10-2018  10:19:25,25.97,26.91,26.51,26.17 x 800,26.17 x 1100,16788706
2-10-2018  10:19:41,2-10-2018  10:19:41,25.97,26.91,26.51,26.1700 x 800,26.1700 x 1100,16788706
2-10-2018  10:19:57,2-10-2018  10:19:57,26.01,26.91,26.51,26.13 x 800,26.17 x 1100,16788706
2-10-2018  10:20:13,2-10-2018  10:20:13,26.01,26.91,26.51,26.13 x 800,26.13 x 1000,16788706
2-10-2018  10:20:28,2-10-2018  10:20:28,26.04,26.91,26.51,26.13 x 800,26.13 x 1000,16788706
2-10-2018  10:20:44,2-10-2018  10:20:44,26.03,26.91,26.51,26.1600 x 800,26.2100 x 1000,16788706
2-10-2018  10:21:0,2-10-2018  10:21:0,26.04,26.91,26.51,26.16 x 800,26.21 x 1000,16788706
2-10-2018  10:21:16,2-10-2018  10:21:16,26.02,26.91,26.51,26.16 x 800,26.21 x 1000,16788706
2-10-2018  10:21:32,2-10-2018  10:21:32,26.02,26.91,26.51,26.18 x 800,26.21 x 1000,16788706
2-10-2018  10:21:48,2-10-2018  10:21:48,26.0,26.91,26.51,26.18 x 800,26.21 x 1000,16788706
2-10-2018  10:22:4,2-10-2018  10:22:4,26.02,26.91,26.51,26.18 x 800,26.20 x 1000,16788706
2-10-2018  10:22:20,2-10-2018  10:22:20,26.04,26.91,26.51,26.1800 x 800,26.2000 x 1000,16788706
2-10-2018  10:22:36,2-10-2018  10:22:36,26.02,26.91,26.51,26.15 x 800,26.16 x 1000,16788706
2-10-2018  10:22:52,2-10-2018  10:22:52,26.04,26.91,26.51,26.1500 x 800,26.1600 x 1000,16788706
2-10-2018  10:23:7,2-10-2018  10:23:7,26.02,26.91,26.51,26.15 x 800,26.16 x 1000,16788706
2-10-2018  10:23:23,2-10-2018  10:23:23,26.03,26.91,26.51,26.14 x 800,26.13 x 1000,16788706
2-10-2018  10:23:39,2-10-2018  10:23:39,26.04,26.91,26.51,26.14 x 800,26.13 x 1000,16788706
2-10-2018  10:23:54,2-10-2018  10:23:54,26.06,26.91,26.51,26.14 x 800,26.13 x 1000,16788706
2-10-2018  10:24:11,2-10-2018  10:24:11,26.07,26.91,26.51,26.05 x 800,26.08 x 800,16788706
2-10-2018  10:24:26,2-10-2018  10:24:26,26.06,26.91,26.51,26.05 x 800,26.08 x 800,16788706
2-10-2018  10:24:42,2-10-2018  10:24:42,26.07,26.91,26.51,26.05 x 800,26.08 x 800,16788706
2-10-2018  10:24:58,2-10-2018  10:24:58,26.065,26.91,26.51,26.080 x 1100,26.090 x 900,16788706
2-10-2018  10:25:14,2-10-2018  10:25:14,26.07,26.91,26.51,26.08 x 1100,26.09 x 900,16788706
2-10-2018  10:25:30,2-10-2018  10:25:30,26.06,26.91,26.51,26.08 x 1100,26.09 x 900,16788706
2-10-2018  10:25:46,2-10-2018  10:25:46,26.04,26.91,26.51,26.080 x 1100,26.090 x 1400,16788706
2-10-2018  10:26:1,2-10-2018  10:26:1,26.06,26.91,26.51,26.08 x 1100,26.09 x 1400,16788706
2-10-2018  10:26:17,2-10-2018  10:26:17,26.04,26.91,26.51,26.06 x 1100,26.09 x 1400,16788706
2-10-2018  10:26:33,2-10-2018  10:26:33,26.05,26.91,26.51,26.06 x 1100,26.07 x 1400,16788706
2-10-2018  10:26:49,2-10-2018  10:26:49,26.04,26.91,26.51,26.0600 x 1100,26.0700 x 1400,16788706
2-10-2018  10:27:5,2-10-2018  10:27:5,26.02,26.91,26.51,26.06 x 1100,26.07 x 1400,16788706
2-10-2018  10:27:21,2-10-2018  10:27:21,26.04,26.91,26.51,26.06 x 1100,26.05 x 1400,16788706
2-10-2018  10:27:37,2-10-2018  10:27:37,26.03,26.91,26.51,25.95 x 1100,26.05 x 1400,16788706
2-10-2018  10:27:53,2-10-2018  10:27:53,26.06,26.91,26.51,25.95 x 1100,26.05 x 1400,16788706
2-10-2018  10:28:9,2-10-2018  10:28:9,26.04,26.91,26.51,25.95 x 1100,26.05 x 1400,16788706
2-10-2018  10:28:25,2-10-2018  10:28:25,26.06,26.91,26.51,26.0100 x 1100,26.0500 x 1400,16788706
2-10-2018  10:28:41,2-10-2018  10:28:41,26.1276,26.91,26.51,26.0100 x 1100,26.0500 x 1400,16788706
2-10-2018  10:28:57,2-10-2018  10:28:57,26.1001,26.91,26.51,26.0100 x 1100,25.9900 x 1000,16788706
2-10-2018  10:29:13,2-10-2018  10:29:13,26.13,26.91,26.51,25.95 x 1100,25.99 x 1000,16788706
2-10-2018  10:29:29,2-10-2018  10:29:29,26.15,26.91,26.51,25.9500 x 1100,25.9900 x 1000,16788706
2-10-2018  10:29:46,2-10-2018  10:29:46,26.1,26.91,26.51,25.95 x 1100,25.97 x 1000,16788706
2-10-2018  10:30:1,2-10-2018  10:30:1,26.11,26.91,26.51,25.95 x 1100,25.97 x 1000,16788706
2-10-2018  10:30:17,2-10-2018  10:30:17,26.102,26.91,26.51,25.960 x 1100,25.970 x 1000,16788706
2-10-2018  10:30:33,2-10-2018  10:30:33,26.1299,26.91,26.51,25.9600 x 1100,25.9700 x 1000,16788706
2-10-2018  10:30:50,2-10-2018  10:30:50,26.11,26.91,26.51,25.94 x 1100,25.98 x 1000,16788706
2-10-2018  10:31:6,2-10-2018  10:31:6,26.1,26.91,26.51,25.94 x 1100,25.98 x 1000,16788706
2-10-2018  10:31:22,2-10-2018  10:31:22,26.14,26.91,26.51,25.94 x 1100,25.98 x 1000,16788706
2-10-2018  10:31:38,2-10-2018  10:31:38,26.11,26.91,26.51,25.96 x 1100,25.99 x 1000,16788706
2-10-2018  10:31:53,2-10-2018  10:31:53,26.09,26.91,26.51,25.96 x 1100,25.99 x 1000,16788706
2-10-2018  10:32:9,2-10-2018  10:32:9,26.1,26.91,26.51,25.96 x 1100,25.99 x 1000,16788706
2-10-2018  10:32:25,2-10-2018  10:32:25,26.0864,26.91,26.51,25.9600 x 1100,25.9900 x 1000,16788706
2-10-2018  10:32:41,2-10-2018  10:32:41,26.09,26.91,26.51,25.97 x 1100,25.99 x 1000,16788706
2-10-2018  10:32:57,2-10-2018  10:32:57,26.0717,26.91,26.51,25.9700 x 1100,25.9900 x 1000,16788706
2-10-2018  10:33:13,2-10-2018  10:33:13,26.09,26.91,26.51,25.96 x 1100,25.97 x 1000,16788706
2-10-2018  10:33:28,2-10-2018  10:33:28,26.08,26.91,26.51,25.96 x 1100,25.97 x 1000,16788706
2-10-2018  10:33:44,2-10-2018  10:33:44,26.07,26.91,26.51,25.96 x 1100,25.97 x 1000,16788706
2-10-2018  10:34:0,2-10-2018  10:34:0,26.07,26.91,26.51,25.96 x 1100,25.97 x 1000,16788706
2-10-2018  10:34:16,2-10-2018  10:34:16,26.08,26.91,26.51,25.95 x 1100,25.98 x 900,16788706
2-10-2018  10:34:32,2-10-2018  10:34:32,26.07,26.91,26.51,25.95 x 1100,25.98 x 900,16788706
2-10-2018  10:34:48,2-10-2018  10:34:48,26.1,26.91,26.51,25.95 x 1100,25.98 x 900,16788706
2-10-2018  10:35:4,2-10-2018  10:35:4,26.09,26.91,26.51,25.96 x 1100,25.98 x 900,16788706
2-10-2018  10:35:20,2-10-2018  10:35:20,26.07,26.91,26.51,25.96 x 1100,25.98 x 900,16788706
2-10-2018  10:35:36,2-10-2018  10:35:36,26.07,26.91,26.51,26.04 x 1100,25.99 x 900,16788706
2-10-2018  10:35:52,2-10-2018  10:35:52,26.0799,26.91,26.51,26.0400 x 1100,25.9900 x 900,16788706
2-10-2018  10:36:7,2-10-2018  10:36:7,26.089,26.91,26.51,26.0400 x 1100,25.9900 x 900,16788706
2-10-2018  10:36:23,2-10-2018  10:36:23,26.08,26.91,26.51,26.01 x 1100,26.05 x 900,16788706
2-10-2018  10:36:39,2-10-2018  10:36:39,26.07,26.91,26.51,26.01 x 1100,26.05 x 900,16788706
2-10-2018  10:36:55,2-10-2018  10:36:55,26.06,26.91,26.51,26.01 x 1100,26.01 x 900,16788706
2-10-2018  10:37:11,2-10-2018  10:37:11,25.9806,26.91,26.51,26.0100 x 1100,26.0100 x 900,16788706
2-10-2018  10:37:27,2-10-2018  10:37:27,25.99,26.91,26.51,26.02 x 3200,26.01 x 900,16788706
2-10-2018  10:37:43,2-10-2018  10:37:43,25.95,26.91,26.51,26.020 x 3200,26.010 x 900,16788706
2-10-2018  10:37:59,2-10-2018  10:37:59,25.94,26.91,26.51,26.02 x 3200,26.02 x 900,16788706
2-10-2018  10:38:15,2-10-2018  10:38:15,25.94,26.91,26.51,26.02 x 1000,26.02 x 900,16788706
2-10-2018  10:38:31,2-10-2018  10:38:31,25.94,26.91,26.51,26.02 x 1000,26.02 x 900,16788706
2-10-2018  10:38:47,2-10-2018  10:38:47,25.9302,26.91,26.51,26.0200 x 1000,26.0200 x 900,16788706
2-10-2018  10:39:2,2-10-2018  10:39:2,25.94,26.91,26.51,26.06 x 1000,26.04 x 1000,16788706
2-10-2018  10:39:18,2-10-2018  10:39:18,25.93,26.91,26.51,26.06 x 1000,26.04 x 1000,16788706
2-10-2018  10:39:34,2-10-2018  10:39:34,25.92,26.91,26.51,26.06 x 1000,26.04 x 1000,16788706
2-10-2018  10:39:50,2-10-2018  10:39:50,25.91,26.91,26.51,26.060 x 1000,26.070 x 1100,16788706
2-10-2018  10:40:6,2-10-2018  10:40:6,25.89,26.91,26.51,26.0600 x 1000,26.0700 x 1100,16788706
2-10-2018  10:40:22,2-10-2018  10:40:22,25.89,26.91,26.51,26.06 x 1000,26.07 x 1100,16788706
2-10-2018  10:40:38,2-10-2018  10:40:38,25.8899,26.91,26.51,26.0600 x 1000,26.0700 x 1200,16788706
2-10-2018  10:40:54,2-10-2018  10:40:54,25.94,26.91,26.51,26.03 x 1000,26.07 x 1200,16788706
2-10-2018  10:41:10,2-10-2018  10:41:10,25.93,26.91,26.51,26.030 x 1000,26.070 x 1200,16788706
2-10-2018  10:41:26,2-10-2018  10:41:26,25.92,26.91,26.51,26.03 x 1000,26.05 x 1200,16788706
2-10-2018  10:41:41,2-10-2018  10:41:41,25.945,26.91,26.51,26.040 x 1000,26.050 x 1200,16788706
2-10-2018  10:41:58,2-10-2018  10:41:58,25.94,26.91,26.51,26.04 x 1000,26.05 x 1200,16788706
2-10-2018  10:42:14,2-10-2018  10:42:14,25.9398,26.91,26.51,26.0400 x 1000,26.0500 x 1200,16788706
2-10-2018  10:42:30,2-10-2018  10:42:30,25.91,26.91,26.51,26.04 x 1000,26.03 x 1200,16788706
2-10-2018  10:42:46,2-10-2018  10:42:46,25.91,26.91,26.51,26.04 x 800,26.03 x 1200,16788706
2-10-2018  10:43:1,2-10-2018  10:43:1,25.88,26.91,26.51,26.04 x 800,26.03 x 1200,16788706
2-10-2018  10:43:17,2-10-2018  10:43:17,25.9063,26.91,26.51,26.0400 x 800,26.0500 x 800,16788706
2-10-2018  10:43:33,2-10-2018  10:43:33,25.89,26.91,26.51,26.06 x 800,26.05 x 800,16788706
2-10-2018  10:43:49,2-10-2018  10:43:49,25.9,26.91,26.51,26.06 x 800,26.05 x 800,16788706
2-10-2018  10:44:5,2-10-2018  10:44:5,25.8861,26.91,26.51,26.0600 x 800,26.1300 x 800,16788706
2-10-2018  10:44:21,2-10-2018  10:44:21,25.89,26.91,26.51,26.0600 x 800,26.1300 x 800,16788706
2-10-2018  10:44:37,2-10-2018  10:44:37,25.89,26.91,26.51,26.06 x 800,26.13 x 800,16788706
2-10-2018  10:44:52,2-10-2018  10:44:52,25.8877,26.91,26.51,26.1200 x 800,26.1400 x 800,16788706
2-10-2018  10:45:8,2-10-2018  10:45:8,25.89,26.91,26.51,26.11 x 800,26.14 x 800,16788706
2-10-2018  10:45:24,2-10-2018  10:45:24,25.885,26.91,26.51,26.110 x 800,26.140 x 800,16788706
2-10-2018  10:45:40,2-10-2018  10:45:40,25.87,26.91,26.51,26.11 x 800,26.13 x 900,16788706
2-10-2018  10:45:56,2-10-2018  10:45:56,25.87,26.91,26.51,26.11 x 800,26.13 x 900,16788706
2-10-2018  10:46:12,2-10-2018  10:46:12,25.8799,26.91,26.51,26.1100 x 800,26.1300 x 900,16788706
2-10-2018  10:46:29,2-10-2018  10:46:29,25.88,26.91,26.51,26.11 x 800,26.11 x 900,16788706
2-10-2018  10:46:44,2-10-2018  10:46:44,25.84,26.91,26.51,26.11 x 800,26.11 x 900,16788706
2-10-2018  10:47:0,2-10-2018  10:47:0,25.87,26.91,26.51,26.09 x 800,26.17 x 1300,16788706
2-10-2018  10:47:16,2-10-2018  10:47:16,25.85,26.91,26.51,26.09 x 800,26.17 x 1300,16788706
2-10-2018  10:47:32,2-10-2018  10:47:32,25.87,26.91,26.51,26.090 x 800,26.170 x 1300,16788706
2-10-2018  10:47:48,2-10-2018  10:47:48,25.83,26.91,26.51,26.09 x 800,26.17 x 1300,16788706
2-10-2018  10:48:4,2-10-2018  10:48:4,25.84,26.91,26.51,26.06 x 800,26.17 x 1800,16788706
2-10-2018  10:48:20,2-10-2018  10:48:20,25.8429,26.91,26.51,26.0600 x 800,26.1700 x 1300,16788706
2-10-2018  10:48:36,2-10-2018  10:48:36,25.84,26.91,26.51,26.07 x 800,26.10 x 1800,16788706
2-10-2018  10:48:52,2-10-2018  10:48:52,25.84,26.91,26.51,26.07 x 800,26.10 x 1800,16788706
2-10-2018  10:49:7,2-10-2018  10:49:7,25.85,26.91,26.51,26.070 x 800,26.100 x 1100,16788706
2-10-2018  10:49:23,2-10-2018  10:49:23,25.87,26.91,26.51,26.07 x 800,26.07 x 1100,16788706
2-10-2018  10:49:39,2-10-2018  10:49:39,25.87,26.91,26.51,26.07 x 800,26.07 x 1100,16788706
2-10-2018  10:49:55,2-10-2018  10:49:55,25.8728,26.91,26.51,26.0700 x 800,26.1100 x 1100,16788706
2-10-2018  10:50:11,2-10-2018  10:50:11,25.87,26.91,26.51,26.07 x 800,26.11 x 1100,16788706
2-10-2018  10:50:27,2-10-2018  10:50:27,25.89,26.91,26.51,26.07 x 800,26.11 x 1100,16788706
2-10-2018  10:50:42,2-10-2018  10:50:42,25.86,26.91,26.51,26.07 x 800,26.11 x 1100,16788706
2-10-2018  10:50:58,2-10-2018  10:50:58,25.88,26.91,26.51,26.06 x 800,26.08 x 1300,16788706
2-10-2018  10:51:14,2-10-2018  10:51:14,25.9,26.91,26.51,26.06 x 800,26.08 x 1300,16788706
2-10-2018  10:51:31,2-10-2018  10:51:31,25.88,26.91,26.51,26.06 x 800,26.08 x 1300,16788706
2-10-2018  10:51:47,2-10-2018  10:51:47,25.93,26.91,26.51,26.06 x 800,26.07 x 1300,16788706
2-10-2018  10:52:3,2-10-2018  10:52:3,25.98,26.91,26.51,26.06 x 800,26.07 x 1300,16788706
2-10-2018  10:52:19,2-10-2018  10:52:19,25.96,26.91,26.51,26.06 x 800,26.07 x 1300,16788706
2-10-2018  10:52:35,2-10-2018  10:52:35,25.99,26.91,26.51,26.06 x 800,25.98 x 1000,16788706
2-10-2018  10:52:50,2-10-2018  10:52:50,25.98,26.91,26.51,25.93 x 800,25.98 x 1000,16788706
2-10-2018  10:53:6,2-10-2018  10:53:6,26.0224,26.91,26.51,25.93 x 800,25.98 x 1000,16788706
2-10-2018  10:53:22,2-10-2018  10:53:22,26.01,26.91,26.51,25.9300 x 800,25.9800 x 1000,16788706
2-10-2018  10:53:38,2-10-2018  10:53:38,26.03,26.91,26.51,25.93 x 800,25.94 x 1000,16788706
2-10-2018  10:53:54,2-10-2018  10:53:54,26.06,26.91,26.51,25.93 x 800,25.94 x 1000,16788706
2-10-2018  10:54:9,2-10-2018  10:54:9,26.09,26.91,26.51,25.93 x 800,25.94 x 1000,16788706
2-10-2018  10:54:25,2-10-2018  10:54:25,26.1,26.91,26.51,25.93 x 800,25.94 x 1000,16788706
2-10-2018  10:54:41,2-10-2018  10:54:41,26.1031,26.91,26.51,25.9200 x 800,25.9400 x 1000,16788706
2-10-2018  10:54:57,2-10-2018  10:54:57,26.08,26.91,26.51,25.920 x 800,25.940 x 1000,16788706
2-10-2018  10:55:14,2-10-2018  10:55:14,26.09,26.91,26.51,25.92 x 800,25.91 x 2200,16788706
2-10-2018  10:55:29,2-10-2018  10:55:29,26.08,26.91,26.51,25.92 x 800,25.91 x 2200,16788706
2-10-2018  10:55:45,2-10-2018  10:55:45,26.07,26.91,26.51,25.88 x 800,25.91 x 2200,16788706
2-10-2018  10:56:1,2-10-2018  10:56:1,26.07,26.91,26.51,25.88 x 800,25.89 x 2200,16788706
2-10-2018  10:56:17,2-10-2018  10:56:17,26.0799,26.91,26.51,25.8800 x 800,25.8900 x 2200,16788706
2-10-2018  10:56:33,2-10-2018  10:56:33,26.06,26.91,26.51,25.88 x 800,25.89 x 2200,16788706
2-10-2018  10:56:49,2-10-2018  10:56:49,26.03,26.91,26.51,25.88 x 800,25.89 x 2200,16788706
2-10-2018  10:57:5,2-10-2018  10:57:5,26.0083,26.91,26.51,25.9300 x 1000,25.9300 x 2200,16788706
2-10-2018  10:57:21,2-10-2018  10:57:21,26.0063,26.91,26.51,25.93 x 1000,25.93 x 2200,16788706
2-10-2018  10:57:37,2-10-2018  10:57:37,26.0,26.91,26.51,25.91 x 1000,25.92 x 800,16788706
2-10-2018  10:57:53,2-10-2018  10:57:53,25.96,26.91,26.51,25.91 x 1000,25.92 x 800,16788706
2-10-2018  10:58:9,2-10-2018  10:58:9,25.97,26.91,26.51,25.91 x 1000,25.92 x 800,16788706
2-10-2018  10:58:25,2-10-2018  10:58:25,25.96,26.91,26.51,25.91 x 1000,25.92 x 800,16788706
2-10-2018  10:58:40,2-10-2018  10:58:40,26.02,26.91,26.51,25.91 x 1000,25.92 x 800,16788706
2-10-2018  10:58:56,2-10-2018  10:58:56,26.0,26.91,26.51,25.88 x 1000,25.91 x 800,16788706
2-10-2018  10:59:12,2-10-2018  10:59:12,25.99,26.91,26.51,25.8800 x 1000,25.8900 x 800,16788706
2-10-2018  10:59:28,2-10-2018  10:59:28,25.98,26.91,26.51,25.88 x 1000,25.89 x 800,16788706
2-10-2018  10:59:44,2-10-2018  10:59:44,25.9525,26.91,26.51,25.8800 x 1000,25.8900 x 800,16788706
2-10-2018  11:0:0,2-10-2018  11:0:0,25.95,26.91,26.51,25.88 x 1000,25.88 x 800,16788706
2-10-2018  11:0:16,2-10-2018  11:0:16,25.95,26.91,26.51,25.88 x 1100,25.88 x 800,16788706
2-10-2018  11:0:32,2-10-2018  11:0:32,25.99,26.91,26.51,25.86 x 1100,25.88 x 800,16788706
2-10-2018  11:0:48,2-10-2018  11:0:48,26.0,26.91,26.51,25.86 x 1100,25.88 x 800,16788706
2-10-2018  11:1:4,2-10-2018  11:1:4,25.99,26.91,26.51,25.8600 x 1100,25.8900 x 800,16788706
2-10-2018  11:1:20,2-10-2018  11:1:20,26.0004,26.91,26.51,25.8600 x 1100,25.8900 x 800,16788706
2-10-2018  11:1:36,2-10-2018  11:1:36,25.97,26.91,26.51,25.87 x 900,25.87 x 800,16788706
2-10-2018  11:1:51,2-10-2018  11:1:51,25.94,26.91,26.51,25.87 x 900,25.87 x 800,16788706
2-10-2018  11:2:7,2-10-2018  11:2:7,25.9449,26.91,26.51,25.8700 x 900,25.8700 x 800,16788706
2-10-2018  11:2:23,2-10-2018  11:2:23,25.96,26.91,26.51,25.85 x 900,25.87 x 800,16788706
2-10-2018  11:2:39,2-10-2018  11:2:39,25.96,26.91,26.51,25.85 x 900,25.87 x 800,16788706
2-10-2018  11:2:55,2-10-2018  11:2:55,25.99,26.91,26.51,25.85 x 900,25.87 x 800,16788706
2-10-2018  11:3:11,2-10-2018  11:3:11,25.97,26.91,26.51,25.85 x 800,25.87 x 800,16788706
2-10-2018  11:3:27,2-10-2018  11:3:27,25.97,26.91,26.51,25.84 x 800,25.85 x 800,16788706
2-10-2018  11:3:42,2-10-2018  11:3:42,26.03,26.91,26.51,25.84 x 800,25.85 x 800,16788706
2-10-2018  11:3:58,2-10-2018  11:3:58,26.02,26.91,26.51,25.84 x 800,25.85 x 800,16788706
2-10-2018  11:4:15,2-10-2018  11:4:15,25.99,26.91,26.51,25.8300 x 800,25.8400 x 800,16788706
2-10-2018  11:4:30,2-10-2018  11:4:30,26.03,26.91,26.51,25.83 x 800,25.84 x 800,16788706
2-10-2018  11:4:46,2-10-2018  11:4:46,26.03,26.91,26.51,25.8300 x 800,25.8400 x 800,16788706
2-10-2018  11:5:2,2-10-2018  11:5:2,26.02,26.91,26.51,25.87 x 1300,25.87 x 1100,16788706
2-10-2018  11:5:18,2-10-2018  11:5:18,26.02,26.91,26.51,25.87 x 1300,25.87 x 1100,16788706
2-10-2018  11:5:34,2-10-2018  11:5:34,26.08,26.91,26.51,25.87 x 1300,25.87 x 1100,16788706
2-10-2018  11:5:50,2-10-2018  11:5:50,26.08,26.91,26.51,25.87 x 1300,25.88 x 1100,16788706
2-10-2018  11:6:6,2-10-2018  11:6:6,26.062,26.91,26.51,25.870 x 1300,25.880 x 1100,16788706
2-10-2018  11:6:22,2-10-2018  11:6:22,26.06,26.91,26.51,25.87 x 1300,25.88 x 1100,16788706
2-10-2018  11:6:38,2-10-2018  11:6:38,26.04,26.91,26.51,25.87 x 1300,25.88 x 1100,16788706
2-10-2018  11:6:54,2-10-2018  11:6:54,26.03,26.91,26.51,25.88 x 1300,25.90 x 1000,16788706
2-10-2018  11:7:10,2-10-2018  11:7:10,26.03,26.91,26.51,25.88 x 1300,25.90 x 1000,16788706
2-10-2018  11:7:26,2-10-2018  11:7:26,26.0,26.91,26.51,25.96 x 1300,25.98 x 1000,16788706
2-10-2018  11:7:41,2-10-2018  11:7:41,26.025,26.91,26.51,25.960 x 1300,25.980 x 1000,16788706
2-10-2018  11:7:57,2-10-2018  11:7:57,26.02,26.91,26.51,25.9600 x 1300,25.9800 x 1000,16788706
2-10-2018  11:8:13,2-10-2018  11:8:13,26.03,26.91,26.51,25.96 x 1300,25.98 x 1000,16788706
2-10-2018  11:8:29,2-10-2018  11:8:29,26.02,26.91,26.51,25.96 x 1300,25.98 x 1000,16788706
2-10-2018  11:8:45,2-10-2018  11:8:45,26.03,26.91,26.51,26.01 x 1300,26.05 x 1000,16788706
2-10-2018  11:9:1,2-10-2018  11:9:1,26.0,26.91,26.51,26.01 x 1300,26.05 x 1000,16788706
2-10-2018  11:9:17,2-10-2018  11:9:17,25.95,26.91,26.51,26.05 x 3100,26.05 x 1000,16788706
2-10-2018  11:9:33,2-10-2018  11:9:33,25.93,26.91,26.51,26.050 x 3100,26.050 x 1000,16788706
2-10-2018  11:9:49,2-10-2018  11:9:49,25.93,26.91,26.51,26.05 x 3100,26.05 x 1000,16788706
2-10-2018  11:10:5,2-10-2018  11:10:5,25.99,26.91,26.51,26.05 x 3100,26.10 x 1000,16788706
2-10-2018  11:10:21,2-10-2018  11:10:21,25.9455,26.91,26.51,26.0700 x 3100,26.1000 x 1000,16788706
2-10-2018  11:10:36,2-10-2018  11:10:36,25.93,26.91,26.51,26.07 x 3100,26.10 x 1000,16788706
2-10-2018  11:10:53,2-10-2018  11:10:53,25.9055,26.91,26.51,26.0800 x 3100,26.0900 x 1000,16788706
2-10-2018  11:11:8,2-10-2018  11:11:8,25.89,26.91,26.51,26.08 x 3100,26.09 x 1000,16788706
2-10-2018  11:11:24,2-10-2018  11:11:24,25.91,26.91,26.51,26.08 x 3100,26.09 x 1000,16788706
2-10-2018  11:11:40,2-10-2018  11:11:40,25.91,26.91,26.51,26.06 x 3100,26.06 x 1300,16788706
2-10-2018  11:11:56,2-10-2018  11:11:56,25.89,26.91,26.51,26.06 x 3100,26.06 x 1300,16788706
2-10-2018  11:12:12,2-10-2018  11:12:12,25.8862,26.91,26.51,26.0600 x 3100,26.0600 x 1300,16788706
2-10-2018  11:12:28,2-10-2018  11:12:28,25.8884,26.91,26.51,26.0600 x 3100,26.0600 x 1300,16788706
2-10-2018  11:12:44,2-10-2018  11:12:44,25.88,26.91,26.51,26.0000 x 3100,26.0100 x 1300,16788706
2-10-2018  11:12:59,2-10-2018  11:12:59,25.85,26.91,26.51,26.00 x 3100,26.01 x 1300,16788706
2-10-2018  11:13:15,2-10-2018  11:13:15,25.85,26.91,26.51,26.00 x 3100,26.01 x 1300,16788706
2-10-2018  11:13:32,2-10-2018  11:13:32,25.849,26.91,26.51,25.97 x 1400,25.99 x 1300,16788706
2-10-2018  11:13:47,2-10-2018  11:13:47,25.82,26.91,26.51,25.97 x 1400,25.99 x 1300,16788706
2-10-2018  11:14:3,2-10-2018  11:14:3,25.8,26.91,26.51,25.97 x 1400,25.99 x 1300,16788706
2-10-2018  11:14:19,2-10-2018  11:14:19,25.8463,26.91,26.51,25.9700 x 1400,25.9900 x 1300,16788706
2-10-2018  11:14:35,2-10-2018  11:14:35,25.89,26.91,26.51,26.00 x 1400,26.01 x 1300,16788706
2-10-2018  11:14:51,2-10-2018  11:14:51,25.88,26.91,26.51,26.000 x 1400,26.010 x 1300,16788706
2-10-2018  11:15:6,2-10-2018  11:15:6,25.9,26.91,26.51,25.9300 x 1400,25.9500 x 1300,16788706
2-10-2018  11:15:22,2-10-2018  11:15:22,25.9,26.91,26.51,25.9300 x 1400,25.9500 x 1300,16788706
2-10-2018  11:15:38,2-10-2018  11:15:38,25.9,26.91,26.51,25.93 x 1400,25.95 x 1300,16788706
2-10-2018  11:15:54,2-10-2018  11:15:54,25.9106,26.91,26.51,25.9300 x 1400,25.9500 x 1300,16788706
2-10-2018  11:16:10,2-10-2018  11:16:10,25.91,26.91,26.51,25.93 x 1400,25.95 x 1300,16788706
2-10-2018  11:16:26,2-10-2018  11:16:26,25.89,26.91,26.51,25.97 x 1400,26.02 x 1300,16788706
2-10-2018  11:16:42,2-10-2018  11:16:42,25.88,26.91,26.51,25.97 x 1400,26.02 x 1300,16788706
2-10-2018  11:16:58,2-10-2018  11:16:58,25.83,26.91,26.51,25.97 x 1400,25.99 x 1300,16788706
2-10-2018  11:17:14,2-10-2018  11:17:14,25.8341,26.91,26.51,25.9700 x 1400,25.9900 x 1300,16788706
2-10-2018  11:17:30,2-10-2018  11:17:30,25.8316,26.91,26.51,25.9700 x 1400,25.9900 x 1300,16788706
2-10-2018  11:17:45,2-10-2018  11:17:45,25.82,26.91,26.51,25.94 x 1400,25.95 x 1300,16788706
2-10-2018  11:18:1,2-10-2018  11:18:1,25.81,26.91,26.51,25.94 x 1400,25.95 x 1300,16788706
2-10-2018  11:18:16,2-10-2018  11:18:16,25.8,26.91,26.51,25.94 x 1400,25.95 x 1300,16788706
2-10-2018  11:18:32,2-10-2018  11:18:32,25.75,26.91,26.51,25.94 x 1400,25.95 x 1300,16788706
2-10-2018  11:18:48,2-10-2018  11:18:48,25.75,26.91,26.51,25.96 x 1400,25.97 x 1300,16788706
2-10-2018  11:19:4,2-10-2018  11:19:4,25.7567,26.91,26.51,25.9600 x 1400,25.9700 x 1300,16788706
2-10-2018  11:19:20,2-10-2018  11:19:20,25.7699,26.91,26.51,25.9600 x 1800,25.9700 x 1300,16788706
2-10-2018  11:19:36,2-10-2018  11:19:36,25.8,26.91,26.51,26.0000 x 1400,26.0000 x 1300,16788706
2-10-2018  11:19:51,2-10-2018  11:19:51,25.81,26.91,26.51,26.00 x 1400,26.00 x 1300,16788706
2-10-2018  11:20:7,2-10-2018  11:20:7,25.8,26.91,26.51,26.01 x 1400,26.03 x 1300,16788706
2-10-2018  11:20:23,2-10-2018  11:20:23,25.8,26.91,26.51,26.01 x 1400,26.03 x 1300,16788706
2-10-2018  11:20:39,2-10-2018  11:20:39,25.8102,26.91,26.51,26.0100 x 1400,26.0300 x 1300,16788706
2-10-2018  11:20:55,2-10-2018  11:20:55,25.82,26.91,26.51,26.01 x 1400,26.03 x 1300,16788706
2-10-2018  11:21:11,2-10-2018  11:21:11,25.81,26.91,26.51,26.01 x 1400,26.03 x 1300,16788706
2-10-2018  11:21:27,2-10-2018  11:21:27,25.81,26.91,26.51,26.01 x 1400,26.03 x 1300,16788706
2-10-2018  11:21:43,2-10-2018  11:21:43,25.81,26.91,26.51,26.0600 x 1400,26.0700 x 1300,16788706
2-10-2018  11:21:58,2-10-2018  11:21:58,25.82,26.91,26.51,26.06 x 1400,26.07 x 1300,16788706
2-10-2018  11:22:14,2-10-2018  11:22:14,25.83,26.91,26.51,26.0600 x 1400,26.0700 x 1300,16788706
2-10-2018  11:22:30,2-10-2018  11:22:30,25.83,26.91,26.51,26.03 x 1400,26.03 x 1300,16788706
2-10-2018  11:22:46,2-10-2018  11:22:46,25.84,26.91,26.51,26.03 x 1400,26.03 x 1300,16788706
2-10-2018  11:23:1,2-10-2018  11:23:1,25.84,26.91,26.51,26.03 x 1400,26.03 x 1300,16788706
2-10-2018  11:23:17,2-10-2018  11:23:17,25.83,26.91,26.51,26.03 x 1400,26.03 x 1300,16788706
2-10-2018  11:23:33,2-10-2018  11:23:33,25.8366,26.91,26.51,26.0300 x 1400,26.0300 x 1300,16788706
2-10-2018  11:23:49,2-10-2018  11:23:49,25.85,26.91,26.51,26.03 x 1400,26.03 x 1300,16788706
2-10-2018  11:24:5,2-10-2018  11:24:5,25.8254,26.91,26.51,26.0000 x 1400,26.0300 x 800,16788706
2-10-2018  11:24:21,2-10-2018  11:24:21,25.84,26.91,26.51,25.98 x 1400,26.02 x 800,16788706
2-10-2018  11:24:37,2-10-2018  11:24:37,25.84,26.91,26.51,25.98 x 1400,26.02 x 800,16788706
2-10-2018  11:24:52,2-10-2018  11:24:52,25.84,26.91,26.51,25.98 x 1400,26.02 x 800,16788706
2-10-2018  11:25:8,2-10-2018  11:25:8,25.83,26.91,26.51,25.93 x 1400,25.94 x 800,16788706
2-10-2018  11:25:25,2-10-2018  11:25:25,25.88,26.91,26.51,25.930 x 1400,25.940 x 800,16788706
2-10-2018  11:25:41,2-10-2018  11:25:41,25.8938,26.91,26.51,25.9300 x 1400,25.9400 x 800,16788706
2-10-2018  11:25:57,2-10-2018  11:25:57,25.9,26.91,26.51,25.89 x 900,25.94 x 800,16788706
2-10-2018  11:26:12,2-10-2018  11:26:12,25.98,26.91,26.51,25.89 x 900,25.94 x 800,16788706
2-10-2018  11:26:28,2-10-2018  11:26:28,26.0,26.91,26.51,25.89 x 900,25.94 x 800,16788706
2-10-2018  11:26:44,2-10-2018  11:26:44,25.97,26.91,26.51,25.89 x 900,25.92 x 800,16788706
2-10-2018  11:27:0,2-10-2018  11:27:0,25.98,26.91,26.51,25.89 x 900,25.92 x 800,16788706
2-10-2018  11:27:16,2-10-2018  11:27:16,26.04,26.91,26.51,25.8900 x 900,25.9200 x 800,16788706
2-10-2018  11:27:32,2-10-2018  11:27:32,26.01,26.91,26.51,25.89 x 900,25.92 x 1800,16788706
2-10-2018  11:27:48,2-10-2018  11:27:48,26.03,26.91,26.51,25.87 x 900,25.88 x 2200,16788706
2-10-2018  11:28:4,2-10-2018  11:28:4,26.03,26.91,26.51,25.87 x 900,25.88 x 2200,16788706
2-10-2018  11:28:20,2-10-2018  11:28:20,26.04,26.91,26.51,25.87 x 900,25.88 x 2200,16788706
2-10-2018  11:28:35,2-10-2018  11:28:35,26.04,26.91,26.51,25.84 x 900,25.85 x 2200,16788706
2-10-2018  11:28:51,2-10-2018  11:28:51,26.04,26.91,26.51,25.84 x 900,25.85 x 2200,16788706
2-10-2018  11:29:7,2-10-2018  11:29:7,26.02,26.91,26.51,25.84 x 900,25.85 x 2200,16788706
2-10-2018  11:29:23,2-10-2018  11:29:23,26.03,26.91,26.51,25.84 x 900,25.85 x 2200,16788706
2-10-2018  11:29:38,2-10-2018  11:29:38,26.0,26.91,26.51,25.82 x 900,25.85 x 2200,16788706
2-10-2018  11:29:54,2-10-2018  11:29:54,26.005,26.91,26.51,25.8200 x 900,25.8500 x 2200,16788706
2-10-2018  11:30:10,2-10-2018  11:30:10,26.0063,26.91,26.51,25.8200 x 900,25.8500 x 2200,16788706
2-10-2018  11:30:26,2-10-2018  11:30:26,25.98,26.91,26.51,25.89 x 900,25.90 x 800,16788706
2-10-2018  11:30:41,2-10-2018  11:30:41,25.96,26.91,26.51,25.8900 x 900,25.9000 x 800,16788706
2-10-2018  11:30:57,2-10-2018  11:30:57,25.94,26.91,26.51,25.89 x 900,25.90 x 800,16788706
2-10-2018  11:31:13,2-10-2018  11:31:13,25.95,26.91,26.51,25.89 x 900,25.90 x 800,16788706
2-10-2018  11:31:29,2-10-2018  11:31:29,25.96,26.91,26.51,25.90 x 900,25.91 x 1400,16788706
2-10-2018  11:31:45,2-10-2018  11:31:45,25.96,26.91,26.51,25.90 x 900,25.91 x 1400,16788706
2-10-2018  11:32:1,2-10-2018  11:32:1,25.96,26.91,26.51,25.90 x 900,25.91 x 1400,16788706
2-10-2018  11:32:17,2-10-2018  11:32:17,26.0,26.91,26.51,25.90 x 900,25.91 x 1400,16788706
2-10-2018  11:32:33,2-10-2018  11:32:33,26.0,26.91,26.51,25.90 x 900,25.85 x 1400,16788706
2-10-2018  11:32:48,2-10-2018  11:32:48,25.99,26.91,26.51,25.90 x 900,25.85 x 1400,16788706
2-10-2018  11:33:4,2-10-2018  11:33:4,26.01,26.91,26.51,25.81 x 900,25.83 x 1400,16788706
2-10-2018  11:33:20,2-10-2018  11:33:20,26.01,26.91,26.51,25.81 x 900,25.83 x 1400,16788706
2-10-2018  11:33:36,2-10-2018  11:33:36,26.01,26.91,26.51,25.81 x 900,25.79 x 1400,16788706
2-10-2018  11:33:52,2-10-2018  11:33:52,25.975,26.91,26.51,25.74 x 900,25.79 x 1400,16788706
2-10-2018  11:34:7,2-10-2018  11:34:7,25.98,26.91,26.51,25.74 x 900,25.79 x 1400,16788706
2-10-2018  11:34:23,2-10-2018  11:34:23,25.98,26.91,26.51,25.74 x 900,25.77 x 800,16788706
2-10-2018  11:34:39,2-10-2018  11:34:39,25.962,26.91,26.51,25.790 x 900,25.770 x 800,16788706
2-10-2018  11:34:55,2-10-2018  11:34:55,25.965,26.91,26.51,25.79 x 900,25.77 x 800,16788706
2-10-2018  11:35:10,2-10-2018  11:35:10,25.96,26.91,26.51,25.79 x 900,25.82 x 800,16788706
2-10-2018  11:35:26,2-10-2018  11:35:26,25.96,26.91,26.51,25.79 x 900,25.82 x 800,16788706
2-10-2018  11:35:42,2-10-2018  11:35:42,25.98,26.91,26.51,25.79 x 900,25.82 x 800,16788706
2-10-2018  11:35:58,2-10-2018  11:35:58,25.98,26.91,26.51,25.79 x 900,25.82 x 800,16788706
2-10-2018  11:36:14,2-10-2018  11:36:14,25.97,26.91,26.51,25.79 x 900,25.82 x 800,16788706
2-10-2018  11:36:30,2-10-2018  11:36:30,25.97,26.91,26.51,25.79 x 900,25.82 x 800,16788706
2-10-2018  11:36:46,2-10-2018  11:36:46,25.97,26.91,26.51,25.80 x 900,25.82 x 800,16788706
2-10-2018  11:37:2,2-10-2018  11:37:2,25.97,26.91,26.51,25.80 x 900,25.82 x 800,16788706
2-10-2018  11:37:18,2-10-2018  11:37:18,25.975,26.91,26.51,25.80 x 900,25.82 x 800,16788706
2-10-2018  11:37:34,2-10-2018  11:37:34,25.96,26.91,26.51,25.82 x 1000,25.82 x 800,16788706
2-10-2018  11:37:50,2-10-2018  11:37:50,25.92,26.91,26.51,25.82 x 1000,25.83 x 800,16788706
2-10-2018  11:38:6,2-10-2018  11:38:6,25.8761,26.91,26.51,25.8200 x 1000,25.8300 x 800,16788706
2-10-2018  11:38:22,2-10-2018  11:38:22,25.89,26.91,26.51,25.8300 x 1000,25.8300 x 800,16788706
2-10-2018  11:38:38,2-10-2018  11:38:38,25.89,26.91,26.51,25.83 x 1000,25.83 x 800,16788706
2-10-2018  11:38:54,2-10-2018  11:38:54,25.91,26.91,26.51,25.83 x 1000,25.83 x 800,16788706
2-10-2018  11:39:9,2-10-2018  11:39:9,25.9034,26.91,26.51,25.8300 x 1000,25.8300 x 800,16788706
2-10-2018  11:39:25,2-10-2018  11:39:25,25.9,26.91,26.51,25.83 x 1000,25.85 x 800,16788706
2-10-2018  11:39:41,2-10-2018  11:39:41,25.9,26.91,26.51,25.830 x 1000,25.850 x 800,16788706
2-10-2018  11:39:57,2-10-2018  11:39:57,25.899,26.91,26.51,25.830 x 1000,25.840 x 800,16788706
2-10-2018  11:40:13,2-10-2018  11:40:13,25.9,26.91,26.51,25.83 x 1000,25.84 x 800,16788706
2-10-2018  11:40:29,2-10-2018  11:40:29,25.9,26.91,26.51,25.8300 x 1000,25.8400 x 800,16788706
2-10-2018  11:40:44,2-10-2018  11:40:44,25.91,26.91,26.51,25.83 x 1000,25.84 x 800,16788706
2-10-2018  11:41:0,2-10-2018  11:41:0,25.95,26.91,26.51,25.88 x 1000,25.89 x 800,16788706
2-10-2018  11:41:17,2-10-2018  11:41:17,25.95,26.91,26.51,25.88 x 1000,25.89 x 800,16788706
2-10-2018  11:41:33,2-10-2018  11:41:33,25.93,26.91,26.51,26.00 x 1000,26.02 x 800,16788706
2-10-2018  11:41:48,2-10-2018  11:41:48,25.94,26.91,26.51,26.00 x 1000,26.02 x 800,16788706
2-10-2018  11:42:4,2-10-2018  11:42:4,25.95,26.91,26.51,26.00 x 1000,26.02 x 800,16788706
2-10-2018  11:42:21,2-10-2018  11:42:21,25.95,26.91,26.51,26.00 x 1000,26.02 x 800,16788706
2-10-2018  11:42:36,2-10-2018  11:42:36,25.96,26.91,26.51,26.02 x 1000,26.03 x 800,16788706
2-10-2018  11:42:53,2-10-2018  11:42:53,25.96,26.91,26.51,26.02 x 1000,26.03 x 800,16788706
2-10-2018  11:43:9,2-10-2018  11:43:9,25.9817,26.91,26.51,26.0200 x 1000,26.0300 x 800,16788706
2-10-2018  11:43:25,2-10-2018  11:43:25,25.98,26.91,26.51,26.02 x 1000,26.03 x 800,16788706
2-10-2018  11:43:41,2-10-2018  11:43:41,25.98,26.91,26.51,26.02 x 1000,26.03 x 800,16788706
2-10-2018  11:43:57,2-10-2018  11:43:57,25.99,26.91,26.51,26.02 x 1000,26.03 x 800,16788706
2-10-2018  11:44:13,2-10-2018  11:44:13,26.01,26.91,26.51,26.02 x 1000,26.03 x 800,16788706
2-10-2018  11:44:29,2-10-2018  11:44:29,26.0,26.91,26.51,26.00 x 1000,26.03 x 1000,16788706
2-10-2018  11:44:44,2-10-2018  11:44:44,25.995,26.91,26.51,26.000 x 1000,26.030 x 1000,16788706
2-10-2018  11:45:0,2-10-2018  11:45:0,26.0,26.91,26.51,26.00 x 1000,26.03 x 1000,16788706
2-10-2018  11:45:16,2-10-2018  11:45:16,25.99,26.91,26.51,25.99 x 1000,26.00 x 3100,16788706
2-10-2018  11:45:32,2-10-2018  11:45:32,26.0009,26.91,26.51,25.9900 x 1000,26.0000 x 3100,16788706
2-10-2018  11:45:47,2-10-2018  11:45:47,26.0,26.91,26.51,25.99 x 1000,26.00 x 3100,16788706
2-10-2018  11:46:3,2-10-2018  11:46:3,26.04,26.91,26.51,25.99 x 1000,26.00 x 3100,16788706
2-10-2018  11:46:19,2-10-2018  11:46:19,26.06,26.91,26.51,25.9500 x 1000,25.9500 x 3100,16788706
2-10-2018  11:46:35,2-10-2018  11:46:35,26.04,26.91,26.51,25.9500 x 1000,25.9500 x 3100,16788706
2-10-2018  11:46:51,2-10-2018  11:46:51,26.0798,26.91,26.51,25.9500 x 1000,25.9500 x 3100,16788706
2-10-2018  11:47:6,2-10-2018  11:47:6,26.07,26.91,26.51,25.97 x 1200,25.98 x 800,16788706
2-10-2018  11:47:22,2-10-2018  11:47:22,26.06,26.91,26.51,25.97 x 1200,25.98 x 800,16788706
2-10-2018  11:47:38,2-10-2018  11:47:38,26.04,26.91,26.51,25.97 x 1200,25.98 x 800,16788706
2-10-2018  11:47:54,2-10-2018  11:47:54,25.98,26.91,26.51,25.97 x 1200,25.98 x 800,16788706
2-10-2018  11:48:10,2-10-2018  11:48:10,25.98,26.91,26.51,25.98 x 1200,26.02 x 800,16788706
2-10-2018  11:48:26,2-10-2018  11:48:26,25.97,26.91,26.51,25.98 x 1200,26.02 x 800,16788706
2-10-2018  11:48:42,2-10-2018  11:48:42,25.97,26.91,26.51,25.98 x 900,26.02 x 800,16788706
2-10-2018  11:48:58,2-10-2018  11:48:58,25.94400000000001,26.91,26.51,25.980 x 900,25.980 x 800,16788706
2-10-2018  11:49:14,2-10-2018  11:49:14,25.93,26.91,26.51,25.98 x 900,25.98 x 800,16788706
2-10-2018  11:49:30,2-10-2018  11:49:30,25.93,26.91,26.51,25.98 x 900,25.98 x 800,16788706
2-10-2018  11:49:45,2-10-2018  11:49:45,25.9131,26.91,26.51,25.9600 x 900,25.9700 x 800,16788706
2-10-2018  11:50:1,2-10-2018  11:50:1,25.87,26.91,26.51,25.9600 x 900,25.9700 x 800,16788706
2-10-2018  11:50:17,2-10-2018  11:50:17,25.87,26.91,26.51,25.96 x 900,25.97 x 800,16788706
2-10-2018  11:50:32,2-10-2018  11:50:32,25.86,26.91,26.51,25.94 x 900,25.96 x 800,16788706
2-10-2018  11:50:48,2-10-2018  11:50:48,25.85,26.91,26.51,25.94 x 900,25.96 x 800,16788706
2-10-2018  11:51:4,2-10-2018  11:51:4,25.89,26.91,26.51,25.94 x 900,25.96 x 800,16788706
2-10-2018  11:51:19,2-10-2018  11:51:19,25.91,26.91,26.51,25.94 x 900,25.96 x 800,16788706
2-10-2018  11:51:35,2-10-2018  11:51:35,25.91,26.91,26.51,25.9400 x 900,25.9600 x 800,16788706
2-10-2018  11:51:51,2-10-2018  11:51:51,25.91,26.91,26.51,25.94 x 900,25.98 x 800,16788706
2-10-2018  11:52:6,2-10-2018  11:52:6,25.89,26.91,26.51,25.940 x 900,25.980 x 800,16788706
2-10-2018  11:52:22,2-10-2018  11:52:22,25.89,26.91,26.51,25.96 x 900,25.98 x 800,16788706
2-10-2018  11:52:38,2-10-2018  11:52:38,25.89,26.91,26.51,25.96 x 900,25.96 x 1400,16788706
2-10-2018  11:52:54,2-10-2018  11:52:54,25.88,26.91,26.51,25.96 x 900,25.96 x 1400,16788706
2-10-2018  11:53:10,2-10-2018  11:53:10,25.88,26.91,26.51,25.960 x 900,25.960 x 1400,16788706
2-10-2018  11:53:26,2-10-2018  11:53:26,25.87,26.91,26.51,25.86 x 900,25.87 x 1200,16788706
2-10-2018  11:53:42,2-10-2018  11:53:42,25.87,26.91,26.51,25.86 x 900,25.87 x 1200,16788706
2-10-2018  11:53:58,2-10-2018  11:53:58,25.88,26.91,26.51,25.86 x 900,25.87 x 1200,16788706
2-10-2018  11:54:14,2-10-2018  11:54:14,25.89,26.91,26.51,25.90 x 900,25.90 x 1200,16788706
2-10-2018  11:54:29,2-10-2018  11:54:29,25.89,26.91,26.51,25.90 x 900,25.90 x 1200,16788706
2-10-2018  11:54:45,2-10-2018  11:54:45,25.92,26.91,26.51,25.90 x 900,25.90 x 1200,16788706
2-10-2018  11:55:1,2-10-2018  11:55:1,25.9036,26.91,26.51,25.9000 x 900,25.9000 x 900,16788706
2-10-2018  11:55:17,2-10-2018  11:55:17,25.91,26.91,26.51,25.88 x 900,25.90 x 900,16788706
2-10-2018  11:55:33,2-10-2018  11:55:33,25.91,26.91,26.51,25.88 x 900,25.91 x 1000,16788706
2-10-2018  11:55:48,2-10-2018  11:55:48,25.9297,26.91,26.51,25.88 x 900,25.91 x 1000,16788706
2-10-2018  11:56:4,2-10-2018  11:56:4,25.9229,26.91,26.51,25.8800 x 900,25.9100 x 1000,16788706
2-10-2018  11:56:20,2-10-2018  11:56:20,25.92,26.91,26.51,25.91 x 3000,25.92 x 1000,16788706
2-10-2018  11:56:36,2-10-2018  11:56:36,25.9155,26.91,26.51,25.9100 x 3000,25.9200 x 1000,16788706
2-10-2018  11:56:51,2-10-2018  11:56:51,25.93,26.91,26.51,25.93 x 3000,25.93 x 1000,16788706
2-10-2018  11:57:7,2-10-2018  11:57:7,25.93,26.91,26.51,25.93 x 3000,25.93 x 1000,16788706
2-10-2018  11:57:23,2-10-2018  11:57:23,25.93,26.91,26.51,25.9300 x 3000,25.9300 x 1000,16788706
2-10-2018  11:57:39,2-10-2018  11:57:39,25.91,26.91,26.51,25.93 x 3000,25.97 x 1000,16788706
2-10-2018  11:57:55,2-10-2018  11:57:55,25.92,26.91,26.51,25.93 x 3000,25.97 x 1000,16788706
2-10-2018  11:58:11,2-10-2018  11:58:11,25.92,26.91,26.51,25.96 x 3000,25.97 x 1000,16788706
2-10-2018  11:58:27,2-10-2018  11:58:27,25.9,26.91,26.51,25.96 x 3000,25.97 x 1000,16788706
2-10-2018  11:58:43,2-10-2018  11:58:43,25.9121,26.91,26.51,25.9600 x 3000,25.9700 x 1000,16788706
2-10-2018  11:58:59,2-10-2018  11:58:59,25.9,26.91,26.51,25.96 x 3000,25.97 x 1000,16788706
2-10-2018  11:59:15,2-10-2018  11:59:15,25.9,26.91,26.51,25.98 x 3000,26.00 x 1000,16788706
2-10-2018  11:59:30,2-10-2018  11:59:30,25.86,26.91,26.51,25.98 x 3000,26.00 x 1000,16788706
2-10-2018  11:59:47,2-10-2018  11:59:47,25.85,26.91,26.51,25.98 x 3000,26.00 x 1000,16788706
2-10-2018  12:0:3,2-10-2018  12:0:3,25.85,26.91,26.51,26.00 x 1400,26.01 x 1000,16788706
2-10-2018  12:0:19,2-10-2018  12:0:19,25.85,26.91,26.51,26.00 x 1400,26.01 x 1000,16788706
2-10-2018  12:0:35,2-10-2018  12:0:35,25.85,26.91,26.51,25.99 x 1400,26.00 x 1000,16788706
2-10-2018  12:0:51,2-10-2018  12:0:51,25.83,26.91,26.51,25.9900 x 1400,26.0000 x 1000,16788706
2-10-2018  12:1:7,2-10-2018  12:1:7,25.835,26.91,26.51,25.990 x 1400,26.000 x 1000,16788706
2-10-2018  12:1:23,2-10-2018  12:1:23,25.84,26.91,26.51,25.99 x 1400,26.00 x 1000,16788706
2-10-2018  12:1:39,2-10-2018  12:1:39,25.83,26.91,26.51,26.03 x 1400,26.06 x 1000,16788706
2-10-2018  12:1:55,2-10-2018  12:1:55,25.86,26.91,26.51,26.03 x 1400,26.06 x 1000,16788706
2-10-2018  12:2:11,2-10-2018  12:2:11,25.86,26.91,26.51,26.03 x 1400,26.06 x 1000,16788706
2-10-2018  12:2:27,2-10-2018  12:2:27,25.85,26.91,26.51,26.03 x 1400,26.06 x 1000,16788706
2-10-2018  12:2:43,2-10-2018  12:2:43,25.85,26.91,26.51,26.04 x 1400,26.07 x 1000,16788706
2-10-2018  12:2:59,2-10-2018  12:2:59,25.85,26.91,26.51,26.04 x 1400,26.07 x 1000,16788706
2-10-2018  12:3:15,2-10-2018  12:3:15,25.82,26.91,26.51,26.04 x 1400,26.07 x 1000,16788706
2-10-2018  12:3:31,2-10-2018  12:3:31,25.83,26.91,26.51,26.04 x 1400,26.07 x 1000,16788706
2-10-2018  12:3:47,2-10-2018  12:3:47,25.84,26.91,26.51,25.96 x 1400,25.97 x 2900,16788706
2-10-2018  12:4:2,2-10-2018  12:4:2,25.84,26.91,26.51,25.96 x 1400,25.97 x 2900,16788706
2-10-2018  12:4:18,2-10-2018  12:4:18,25.8,26.91,26.51,25.96 x 1400,25.97 x 2900,16788706
2-10-2018  12:4:34,2-10-2018  12:4:34,25.8,26.91,26.51,25.93 x 1400,25.95 x 1400,16788706
2-10-2018  12:4:50,2-10-2018  12:4:50,25.8064,26.91,26.51,25.8900 x 1400,25.9500 x 1400,16788706
2-10-2018  12:5:6,2-10-2018  12:5:6,25.81,26.91,26.51,25.89 x 1400,25.91 x 1400,16788706
2-10-2018  12:5:22,2-10-2018  12:5:22,25.8034,26.91,26.51,25.8900 x 1400,25.9100 x 1400,16788706
2-10-2018  12:5:38,2-10-2018  12:5:38,25.8062,26.91,26.51,25.8900 x 1400,25.9100 x 1400,16788706
2-10-2018  12:5:54,2-10-2018  12:5:54,25.7909,26.91,26.51,25.8900 x 1400,25.9100 x 1400,16788706
2-10-2018  12:6:10,2-10-2018  12:6:10,25.78,26.91,26.51,25.85 x 1400,25.88 x 1400,16788706
2-10-2018  12:6:26,2-10-2018  12:6:26,25.78,26.91,26.51,25.90 x 1400,25.88 x 1400,16788706
2-10-2018  12:6:42,2-10-2018  12:6:42,25.7716,26.91,26.51,25.9000 x 1400,25.8800 x 1400,16788706
2-10-2018  12:6:58,2-10-2018  12:6:58,25.76,26.91,26.51,25.90 x 1400,25.88 x 1400,16788706
2-10-2018  12:7:14,2-10-2018  12:7:14,25.76,26.91,26.51,25.89 x 1400,25.91 x 1400,16788706
2-10-2018  12:7:29,2-10-2018  12:7:29,25.76,26.91,26.51,25.8900 x 1400,25.9100 x 1400,16788706
2-10-2018  12:7:46,2-10-2018  12:7:46,25.76,26.91,26.51,25.89 x 1400,25.91 x 1400,16788706
2-10-2018  12:8:1,2-10-2018  12:8:1,25.77,26.91,26.51,25.88 x 1400,25.89 x 1100,16788706
2-10-2018  12:8:17,2-10-2018  12:8:17,25.7697,26.91,26.51,25.8800 x 1400,25.8900 x 1100,16788706
2-10-2018  12:8:33,2-10-2018  12:8:33,25.76,26.91,26.51,25.8800 x 1400,25.8900 x 1100,16788706
2-10-2018  12:8:49,2-10-2018  12:8:49,25.76,26.91,26.51,25.88 x 1400,25.88 x 1100,16788706
2-10-2018  12:9:5,2-10-2018  12:9:5,25.76,26.91,26.51,25.88 x 1400,25.88 x 1100,16788706
2-10-2018  12:9:20,2-10-2018  12:9:20,25.76,26.91,26.51,25.88 x 1400,25.88 x 1100,16788706
2-10-2018  12:9:36,2-10-2018  12:9:36,25.75,26.91,26.51,25.8800 x 1400,25.8800 x 1100,16788706
2-10-2018  12:9:52,2-10-2018  12:9:52,25.75,26.91,26.51,25.90 x 1400,25.91 x 1100,16788706
2-10-2018  12:10:8,2-10-2018  12:10:8,25.75,26.91,26.51,25.9000 x 1400,25.9100 x 1100,16788706
2-10-2018  12:10:23,2-10-2018  12:10:23,25.72,26.91,26.51,25.90 x 1400,25.91 x 1100,16788706
2-10-2018  12:10:39,2-10-2018  12:10:39,25.7301,26.91,26.51,25.9000 x 1400,25.9100 x 1100,16788706
2-10-2018  12:10:55,2-10-2018  12:10:55,25.7173,26.91,26.51,25.9000 x 1400,25.9200 x 1100,16788706
2-10-2018  12:11:11,2-10-2018  12:11:11,25.78,26.91,26.51,25.90 x 1400,25.92 x 1100,16788706
2-10-2018  12:11:27,2-10-2018  12:11:27,25.8,26.91,26.51,25.90 x 1400,25.92 x 1100,16788706
2-10-2018  12:11:43,2-10-2018  12:11:43,25.86,26.91,26.51,25.92 x 1400,25.92 x 1800,16788706
2-10-2018  12:11:58,2-10-2018  12:11:58,25.85,26.91,26.51,25.920 x 1400,25.920 x 1800,16788706
2-10-2018  12:12:14,2-10-2018  12:12:14,25.84,26.91,26.51,25.92 x 1400,25.92 x 1800,16788706
2-10-2018  12:12:30,2-10-2018  12:12:30,25.84,26.91,26.51,25.91 x 1400,25.93 x 800,16788706
2-10-2018  12:12:46,2-10-2018  12:12:46,25.84,26.91,26.51,25.91 x 1400,25.93 x 800,16788706
2-10-2018  12:13:1,2-10-2018  12:13:1,25.86,26.91,26.51,25.91 x 1400,25.93 x 800,16788706
2-10-2018  12:13:17,2-10-2018  12:13:17,25.84,26.91,26.51,25.91 x 1400,25.93 x 800,16788706
2-10-2018  12:13:33,2-10-2018  12:13:33,25.835,26.91,26.51,25.9200 x 1400,25.9200 x 800,16788706
2-10-2018  12:13:49,2-10-2018  12:13:49,25.8307,26.91,26.51,25.9200 x 1400,25.9200 x 800,16788706
2-10-2018  12:14:5,2-10-2018  12:14:5,25.83,26.91,26.51,25.920 x 1400,25.920 x 800,16788706
2-10-2018  12:14:21,2-10-2018  12:14:21,25.84,26.91,26.51,25.89 x 1100,25.91 x 800,16788706
2-10-2018  12:14:37,2-10-2018  12:14:37,25.9199,26.91,26.51,25.8900 x 1100,25.9100 x 800,16788706
2-10-2018  12:14:53,2-10-2018  12:14:53,25.94,26.91,26.51,25.89 x 1100,25.87 x 800,16788706
2-10-2018  12:15:9,2-10-2018  12:15:9,25.93,26.91,26.51,25.89 x 1100,25.87 x 800,16788706
2-10-2018  12:15:24,2-10-2018  12:15:24,25.97,26.91,26.51,25.87 x 1100,25.87 x 800,16788706
2-10-2018  12:15:40,2-10-2018  12:15:40,25.96,26.91,26.51,25.87 x 1100,25.85 x 800,16788706
2-10-2018  12:15:56,2-10-2018  12:15:56,25.96,26.91,26.51,25.87 x 1100,25.85 x 800,16788706
2-10-2018  12:16:12,2-10-2018  12:16:12,25.97,26.91,26.51,25.82 x 1100,25.85 x 800,16788706
2-10-2018  12:16:28,2-10-2018  12:16:28,26.02,26.91,26.51,25.82 x 1100,25.85 x 800,16788706
2-10-2018  12:16:43,2-10-2018  12:16:43,26.01,26.91,26.51,25.82 x 1100,25.84 x 800,16788706
2-10-2018  12:16:59,2-10-2018  12:16:59,26.02,26.91,26.51,25.8400 x 1100,25.8400 x 800,16788706
2-10-2018  12:17:15,2-10-2018  12:17:15,26.005,26.91,26.51,25.840 x 1100,25.840 x 800,16788706
2-10-2018  12:17:31,2-10-2018  12:17:31,26.025,26.91,26.51,25.840 x 1100,25.860 x 800,16788706
2-10-2018  12:17:47,2-10-2018  12:17:47,26.03,26.91,26.51,25.840 x 1100,25.860 x 800,16788706
2-10-2018  12:18:3,2-10-2018  12:18:3,26.0275,26.91,26.51,25.8400 x 1100,25.8600 x 800,16788706
2-10-2018  12:18:19,2-10-2018  12:18:19,26.01,26.91,26.51,25.83 x 1100,25.84 x 800,16788706
2-10-2018  12:18:35,2-10-2018  12:18:35,26.0,26.91,26.51,25.83 x 1100,25.84 x 800,16788706
2-10-2018  12:18:51,2-10-2018  12:18:51,26.0067,26.91,26.51,25.83 x 1100,25.84 x 800,16788706
2-10-2018  12:19:7,2-10-2018  12:19:7,26.0,26.91,26.51,25.83 x 1100,25.85 x 800,16788706
2-10-2018  12:19:23,2-10-2018  12:19:23,25.96,26.91,26.51,25.83 x 1100,25.85 x 800,16788706
2-10-2018  12:19:38,2-10-2018  12:19:38,25.92,26.91,26.51,25.83 x 1100,25.85 x 800,16788706
2-10-2018  12:19:54,2-10-2018  12:19:54,25.9125,26.91,26.51,25.8100 x 1100,25.8200 x 800,16788706
2-10-2018  12:20:10,2-10-2018  12:20:10,25.88,26.91,26.51,25.81 x 1100,25.82 x 800,16788706
2-10-2018  12:20:26,2-10-2018  12:20:26,25.86,26.91,26.51,25.8100 x 1100,25.8200 x 800,16788706
2-10-2018  12:20:42,2-10-2018  12:20:42,25.8701,26.91,26.51,25.7900 x 1100,25.8200 x 800,16788706
2-10-2018  12:20:57,2-10-2018  12:20:57,25.87,26.91,26.51,25.79 x 1100,25.82 x 800,16788706
2-10-2018  12:21:13,2-10-2018  12:21:13,25.87,26.91,26.51,25.79 x 1100,25.82 x 800,16788706
2-10-2018  12:21:29,2-10-2018  12:21:29,25.84,26.91,26.51,25.76 x 1100,25.78 x 800,16788706
2-10-2018  12:21:45,2-10-2018  12:21:45,25.81,26.91,26.51,25.76 x 1100,25.78 x 800,16788706
2-10-2018  12:22:1,2-10-2018  12:22:1,25.85,26.91,26.51,25.76 x 1100,25.78 x 800,16788706
2-10-2018  12:22:17,2-10-2018  12:22:17,25.85,26.91,26.51,25.7500 x 1100,25.7600 x 1200,16788706
2-10-2018  12:22:33,2-10-2018  12:22:33,25.8469,26.91,26.51,25.7500 x 1100,25.7600 x 1200,16788706
2-10-2018  12:22:48,2-10-2018  12:22:48,25.82,26.91,26.51,25.75 x 1100,25.76 x 1200,16788706
2-10-2018  12:23:4,2-10-2018  12:23:4,25.83,26.91,26.51,25.78 x 1100,25.78 x 1200,16788706
2-10-2018  12:23:20,2-10-2018  12:23:20,25.8436,26.91,26.51,25.7800 x 1100,25.7800 x 1200,16788706
2-10-2018  12:23:36,2-10-2018  12:23:36,25.84,26.91,26.51,25.78 x 1100,25.78 x 1200,16788706
2-10-2018  12:23:51,2-10-2018  12:23:51,25.84,26.91,26.51,25.76 x 1100,25.78 x 1200,16788706
2-10-2018  12:24:7,2-10-2018  12:24:7,25.8292,26.91,26.51,25.7600 x 1100,25.7800 x 1200,16788706
2-10-2018  12:24:23,2-10-2018  12:24:23,25.83,26.91,26.51,25.76 x 1100,25.78 x 1200,16788706
2-10-2018  12:24:39,2-10-2018  12:24:39,25.8,26.91,26.51,25.76 x 1100,25.76 x 1200,16788706
2-10-2018  12:24:55,2-10-2018  12:24:55,25.8,26.91,26.51,25.76 x 1100,25.76 x 1200,16788706
2-10-2018  12:25:10,2-10-2018  12:25:10,25.77,26.91,26.51,25.76 x 1100,25.76 x 1200,16788706
2-10-2018  12:25:26,2-10-2018  12:25:26,25.78,26.91,26.51,25.76 x 1100,25.75 x 1200,16788706
2-10-2018  12:25:42,2-10-2018  12:25:42,25.805,26.91,26.51,25.730 x 1100,25.750 x 1200,16788706
2-10-2018  12:25:58,2-10-2018  12:25:58,25.81,26.91,26.51,25.7300 x 1100,25.7500 x 1200,16788706
2-10-2018  12:26:14,2-10-2018  12:26:14,25.8,26.91,26.51,25.73 x 1100,25.74 x 1000,16788706
2-10-2018  12:26:29,2-10-2018  12:26:29,25.81,26.91,26.51,25.76 x 1100,25.74 x 1000,16788706
2-10-2018  12:26:45,2-10-2018  12:26:45,25.91,26.91,26.51,25.76 x 1100,25.74 x 1000,16788706
2-10-2018  12:27:1,2-10-2018  12:27:1,25.89,26.91,26.51,25.76 x 1100,25.74 x 1000,16788706
2-10-2018  12:27:17,2-10-2018  12:27:17,25.89,26.91,26.51,25.76 x 1100,25.74 x 1000,16788706
2-10-2018  12:27:33,2-10-2018  12:27:33,25.9,26.91,26.51,25.76 x 1100,25.74 x 800,16788706
2-10-2018  12:27:49,2-10-2018  12:27:49,25.88,26.91,26.51,25.76 x 1100,25.74 x 800,16788706
2-10-2018  12:28:5,2-10-2018  12:28:5,25.91,26.91,26.51,25.85 x 2200,25.86 x 800,16788706
2-10-2018  12:28:21,2-10-2018  12:28:21,25.92,26.91,26.51,25.85 x 2200,25.86 x 800,16788706
2-10-2018  12:28:36,2-10-2018  12:28:36,25.88,26.91,26.51,25.85 x 2200,25.86 x 800,16788706
2-10-2018  12:28:52,2-10-2018  12:28:52,25.87,26.91,26.51,25.85 x 2200,25.86 x 800,16788706
2-10-2018  12:29:8,2-10-2018  12:29:8,25.8724,26.91,26.51,25.8500 x 2200,25.8600 x 800,16788706
2-10-2018  12:29:24,2-10-2018  12:29:24,25.85,26.91,26.51,25.83 x 2200,25.83 x 800,16788706
2-10-2018  12:29:39,2-10-2018  12:29:39,25.83,26.91,26.51,25.83 x 2200,25.93 x 800,16788706
2-10-2018  12:29:55,2-10-2018  12:29:55,25.84,26.91,26.51,25.83 x 2200,25.93 x 800,16788706
2-10-2018  12:30:11,2-10-2018  12:30:11,25.83,26.91,26.51,25.9300 x 2200,25.9300 x 800,16788706
2-10-2018  12:30:27,2-10-2018  12:30:27,25.82,26.91,26.51,25.9300 x 2200,25.9700 x 800,16788706
2-10-2018  12:30:43,2-10-2018  12:30:43,25.82,26.91,26.51,25.93 x 2200,25.97 x 800,16788706
2-10-2018  12:30:59,2-10-2018  12:30:59,25.82,26.91,26.51,25.93 x 2200,25.97 x 800,16788706
2-10-2018  12:31:15,2-10-2018  12:31:15,25.81,26.91,26.51,25.96 x 2200,25.98 x 1800,16788706
2-10-2018  12:31:31,2-10-2018  12:31:31,25.812,26.91,26.51,25.960 x 2200,25.980 x 1800,16788706
2-10-2018  12:31:47,2-10-2018  12:31:47,25.8,26.91,26.51,25.96 x 2200,25.98 x 1800,16788706
2-10-2018  12:32:3,2-10-2018  12:32:3,25.8,26.91,26.51,26.00 x 2200,25.98 x 1800,16788706
2-10-2018  12:32:19,2-10-2018  12:32:19,25.8,26.91,26.51,26.0000 x 2200,26.0100 x 1800,16788706
2-10-2018  12:32:34,2-10-2018  12:32:34,25.8689,26.91,26.51,26.0000 x 2200,26.0100 x 1800,16788706
2-10-2018  12:32:50,2-10-2018  12:32:50,25.83,26.91,26.51,26.000 x 2200,26.010 x 1800,16788706
2-10-2018  12:33:6,2-10-2018  12:33:6,25.8353,26.91,26.51,26.0100 x 2200,26.0200 x 1300,16788706
2-10-2018  12:33:22,2-10-2018  12:33:22,25.85,26.91,26.51,26.0100 x 2200,26.0200 x 1300,16788706
2-10-2018  12:33:38,2-10-2018  12:33:38,25.85,26.91,26.51,26.01 x 2200,26.02 x 1300,16788706
2-10-2018  12:33:54,2-10-2018  12:33:54,25.85,26.91,26.51,26.01 x 2200,26.02 x 1300,16788706
2-10-2018  12:34:10,2-10-2018  12:34:10,25.81,26.91,26.51,25.99 x 2200,26.01 x 1300,16788706
2-10-2018  12:34:26,2-10-2018  12:34:26,25.83,26.91,26.51,25.9900 x 2200,26.0100 x 1300,16788706
2-10-2018  12:34:41,2-10-2018  12:34:41,25.84,26.91,26.51,25.99 x 2200,26.01 x 1300,16788706
2-10-2018  12:34:57,2-10-2018  12:34:57,25.83,26.91,26.51,25.91 x 2200,25.94 x 1300,16788706
2-10-2018  12:35:13,2-10-2018  12:35:13,25.81,26.91,26.51,25.91 x 2200,25.94 x 1300,16788706
2-10-2018  12:35:29,2-10-2018  12:35:29,25.78,26.91,26.51,25.91 x 2200,25.88 x 1300,16788706
2-10-2018  12:35:44,2-10-2018  12:35:44,25.79,26.91,26.51,25.9100 x 2200,25.8800 x 1300,16788706
2-10-2018  12:36:0,2-10-2018  12:36:0,25.79,26.91,26.51,25.8700 x 1100,25.8800 x 1300,16788706
2-10-2018  12:36:16,2-10-2018  12:36:16,25.79,26.91,26.51,25.87 x 1100,25.88 x 1300,16788706
2-10-2018  12:36:32,2-10-2018  12:36:32,25.78,26.91,26.51,25.87 x 1100,25.88 x 1300,16788706
2-10-2018  12:36:48,2-10-2018  12:36:48,25.78,26.91,26.51,25.84 x 1100,25.86 x 1300,16788706
2-10-2018  12:37:4,2-10-2018  12:37:4,25.79,26.91,26.51,25.84 x 1100,25.83 x 3000,16788706
2-10-2018  12:37:19,2-10-2018  12:37:19,25.8,26.91,26.51,25.82 x 1100,25.83 x 3000,16788706
2-10-2018  12:37:35,2-10-2018  12:37:35,25.8,26.91,26.51,25.82 x 1100,25.83 x 3000,16788706
2-10-2018  12:37:51,2-10-2018  12:37:51,25.79,26.91,26.51,25.82 x 1100,25.83 x 3000,16788706
2-10-2018  12:38:6,2-10-2018  12:38:6,25.79,26.91,26.51,25.82 x 1100,25.83 x 3000,16788706
2-10-2018  12:38:22,2-10-2018  12:38:22,25.79,26.91,26.51,25.83 x 1100,25.83 x 3000,16788706
2-10-2018  12:38:38,2-10-2018  12:38:38,25.79,26.91,26.51,25.83 x 1100,25.83 x 3000,16788706
2-10-2018  12:38:54,2-10-2018  12:38:54,25.79,26.91,26.51,25.82 x 1100,25.83 x 3000,16788706
2-10-2018  12:39:10,2-10-2018  12:39:10,25.79,26.91,26.51,25.82 x 1100,25.83 x 3000,16788706
2-10-2018  12:39:26,2-10-2018  12:39:26,25.8,26.91,26.51,25.8200 x 1100,25.8300 x 3000,16788706
2-10-2018  12:39:42,2-10-2018  12:39:42,25.81,26.91,26.51,25.82 x 1100,25.83 x 3000,16788706
2-10-2018  12:39:58,2-10-2018  12:39:58,25.815,26.91,26.51,25.780 x 800,25.800 x 1400,16788706
2-10-2018  12:40:13,2-10-2018  12:40:13,25.815,26.91,26.51,25.780 x 800,25.800 x 1400,16788706
2-10-2018  12:40:29,2-10-2018  12:40:29,25.83,26.91,26.51,25.78 x 800,25.80 x 1400,16788706
2-10-2018  12:40:45,2-10-2018  12:40:45,25.86,26.91,26.51,25.78 x 800,25.80 x 1400,16788706
2-10-2018  12:41:1,2-10-2018  12:41:1,25.95,26.91,26.51,25.78 x 800,25.80 x 1400,16788706
2-10-2018  12:41:17,2-10-2018  12:41:17,25.905,26.91,26.51,25.800 x 800,25.800 x 900,16788706
2-10-2018  12:41:33,2-10-2018  12:41:33,25.909,26.91,26.51,25.800 x 800,25.800 x 900,16788706
2-10-2018  12:41:49,2-10-2018  12:41:49,25.91,26.91,26.51,25.80 x 800,25.80 x 900,16788706
2-10-2018  12:42:4,2-10-2018  12:42:4,25.92,26.91,26.51,25.890 x 1800,25.900 x 900,16788706
2-10-2018  12:42:20,2-10-2018  12:42:20,25.935,26.91,26.51,25.890 x 1800,25.900 x 900,16788706
2-10-2018  12:42:36,2-10-2018  12:42:36,25.934,26.91,26.51,25.890 x 1800,25.900 x 900,16788706
2-10-2018  12:42:52,2-10-2018  12:42:52,25.93,26.91,26.51,25.8800 x 1800,25.8800 x 900,16788706
2-10-2018  12:43:8,2-10-2018  12:43:8,25.93,26.91,26.51,25.88 x 1800,25.88 x 900,16788706
2-10-2018  12:43:24,2-10-2018  12:43:24,25.965,26.91,26.51,25.900 x 1800,25.880 x 900,16788706
2-10-2018  12:43:39,2-10-2018  12:43:39,25.96,26.91,26.51,25.900 x 1800,25.880 x 900,16788706
2-10-2018  12:43:56,2-10-2018  12:43:56,26.0,26.91,26.51,25.90 x 1800,25.89 x 900,16788706
2-10-2018  12:44:11,2-10-2018  12:44:11,26.0,26.91,26.51,25.90 x 1800,25.89 x 900,16788706
2-10-2018  12:44:27,2-10-2018  12:44:27,26.01,26.91,26.51,25.86 x 1800,25.89 x 900,16788706
2-10-2018  12:44:43,2-10-2018  12:44:43,26.01,26.91,26.51,25.86 x 1800,25.89 x 900,16788706
2-10-2018  12:44:59,2-10-2018  12:44:59,25.99,26.91,26.51,25.86 x 1800,25.86 x 900,16788706
2-10-2018  12:45:14,2-10-2018  12:45:14,26.01,26.91,26.51,25.86 x 1800,25.86 x 900,16788706
2-10-2018  12:45:30,2-10-2018  12:45:30,26.01,26.91,26.51,25.8300 x 1800,25.8200 x 1100,16788706
2-10-2018  12:45:46,2-10-2018  12:45:46,26.0,26.91,26.51,25.83 x 1800,25.82 x 1100,16788706
2-10-2018  12:46:2,2-10-2018  12:46:2,26.0,26.91,26.51,25.830 x 1800,25.820 x 1100,16788706
2-10-2018  12:46:18,2-10-2018  12:46:18,26.0,26.91,26.51,25.83 x 1800,25.82 x 1100,16788706
2-10-2018  12:46:34,2-10-2018  12:46:34,26.0,26.91,26.51,25.80 x 1800,25.82 x 1100,16788706
2-10-2018  12:46:50,2-10-2018  12:46:50,25.99,26.91,26.51,25.80 x 1800,25.82 x 1100,16788706
2-10-2018  12:47:6,2-10-2018  12:47:6,26.0,26.91,26.51,25.79 x 1800,25.81 x 1100,16788706
2-10-2018  12:47:22,2-10-2018  12:47:22,25.97,26.91,26.51,25.79 x 1800,25.81 x 1100,16788706
2-10-2018  12:47:38,2-10-2018  12:47:38,25.938,26.91,26.51,25.790 x 1800,25.810 x 1100,16788706
2-10-2018  12:47:54,2-10-2018  12:47:54,25.9,26.91,26.51,25.790 x 1800,25.810 x 1100,16788706
2-10-2018  12:48:10,2-10-2018  12:48:10,25.9,26.91,26.51,25.79 x 1800,25.85 x 1100,16788706
2-10-2018  12:48:26,2-10-2018  12:48:26,25.87,26.91,26.51,25.84 x 1400,25.85 x 1100,16788706
2-10-2018  12:48:42,2-10-2018  12:48:42,25.85,26.91,26.51,25.84 x 1400,25.85 x 1100,16788706
2-10-2018  12:49:29,2-10-2018  12:49:29,25.87,26.91,26.51,25.8300 x 1400,25.8600 x 1100,16788706
2-10-2018  12:49:45,2-10-2018  12:49:45,25.82,26.91,26.51,25.83 x 1400,25.86 x 1100,16788706
2-10-2018  12:50:1,2-10-2018  12:50:1,25.81,26.91,26.51,25.83 x 1400,25.84 x 2200,16788706
2-10-2018  12:50:17,2-10-2018  12:50:17,25.81,26.91,26.51,25.81 x 1400,25.84 x 2200,16788706
2-10-2018  12:50:32,2-10-2018  12:50:32,25.8,26.91,26.51,25.81 x 1400,25.84 x 2200,16788706
2-10-2018  12:50:48,2-10-2018  12:50:48,25.795,26.91,26.51,25.790 x 1000,25.800 x 2200,16788706
2-10-2018  12:51:4,2-10-2018  12:51:4,25.79,26.91,26.51,25.79 x 1000,25.80 x 2200,16788706
2-10-2018  12:51:20,2-10-2018  12:51:20,25.8,26.91,26.51,25.7900 x 1000,25.8000 x 2200,16788706
2-10-2018  12:51:35,2-10-2018  12:51:35,25.82,26.91,26.51,25.79 x 1000,25.80 x 2200,16788706
2-10-2018  12:51:51,2-10-2018  12:51:51,25.8377,26.91,26.51,25.7900 x 1000,25.8000 x 2200,16788706
2-10-2018  12:52:7,2-10-2018  12:52:7,25.8397,26.91,26.51,25.7600 x 1000,25.7700 x 1000,16788706
2-10-2018  12:52:23,2-10-2018  12:52:23,25.83,26.91,26.51,25.76 x 1000,25.77 x 1000,16788706
2-10-2018  12:52:39,2-10-2018  12:52:39,25.83,26.91,26.51,25.7600 x 1000,25.7700 x 1000,16788706
2-10-2018  12:52:54,2-10-2018  12:52:54,25.84,26.91,26.51,25.76 x 1000,25.77 x 1000,16788706
2-10-2018  12:53:10,2-10-2018  12:53:10,25.87,26.91,26.51,25.76 x 1000,25.77 x 1000,16788706
2-10-2018  12:53:26,2-10-2018  12:53:26,25.8619,26.91,26.51,25.7800 x 1000,25.7900 x 1000,16788706
2-10-2018  12:53:42,2-10-2018  12:53:42,25.88,26.91,26.51,25.77 x 1000,25.78 x 1400,16788706
2-10-2018  12:53:58,2-10-2018  12:53:58,25.87,26.91,26.51,25.77 x 1000,25.78 x 1400,16788706
2-10-2018  12:54:14,2-10-2018  12:54:14,25.865,26.91,26.51,25.770 x 1000,25.780 x 1400,16788706
2-10-2018  12:54:30,2-10-2018  12:54:30,25.86,26.91,26.51,25.77 x 1000,25.78 x 1400,16788706
2-10-2018  12:54:46,2-10-2018  12:54:46,25.86,26.91,26.51,25.78 x 1000,25.81 x 1400,16788706
2-10-2018  12:55:2,2-10-2018  12:55:2,25.86,26.91,26.51,25.78 x 1000,25.81 x 1400,16788706
2-10-2018  12:55:18,2-10-2018  12:55:18,25.85,26.91,26.51,25.78 x 1000,25.81 x 1400,16788706
2-10-2018  12:55:34,2-10-2018  12:55:34,25.85,26.91,26.51,25.80 x 1000,25.82 x 1400,16788706
2-10-2018  12:55:49,2-10-2018  12:55:49,25.81,26.91,26.51,25.80 x 1000,25.82 x 1400,16788706
2-10-2018  12:56:5,2-10-2018  12:56:5,25.8015,26.91,26.51,25.8000 x 1000,25.8200 x 1400,16788706
2-10-2018  12:56:21,2-10-2018  12:56:21,25.82,26.91,26.51,25.90 x 1000,25.92 x 1400,16788706
2-10-2018  12:56:37,2-10-2018  12:56:37,25.82,26.91,26.51,25.90 x 1000,25.92 x 1400,16788706
2-10-2018  12:56:53,2-10-2018  12:56:53,25.81,26.91,26.51,25.90 x 1000,25.92 x 1400,16788706
2-10-2018  12:57:9,2-10-2018  12:57:9,25.82,26.91,26.51,25.91 x 1000,25.91 x 1400,16788706
2-10-2018  12:57:25,2-10-2018  12:57:25,25.8,26.91,26.51,25.91 x 1000,25.91 x 1400,16788706
2-10-2018  12:57:41,2-10-2018  12:57:41,25.83,26.91,26.51,25.91 x 1000,25.91 x 1400,16788706
2-10-2018  12:57:57,2-10-2018  12:57:57,25.8267,26.91,26.51,25.91 x 1000,25.91 x 1400,16788706
2-10-2018  12:58:12,2-10-2018  12:58:12,25.827,26.91,26.51,25.920 x 1000,25.910 x 1400,16788706
2-10-2018  12:58:28,2-10-2018  12:58:28,25.82,26.91,26.51,25.920 x 1000,25.950 x 800,16788706
2-10-2018  12:58:44,2-10-2018  12:58:44,25.84,26.91,26.51,25.92 x 1000,25.95 x 800,16788706
2-10-2018  12:59:0,2-10-2018  12:59:0,25.85,26.91,26.51,25.92 x 1000,25.95 x 800,16788706
2-10-2018  12:59:16,2-10-2018  12:59:16,25.89,26.91,26.51,25.92 x 1000,25.95 x 800,16788706
2-10-2018  12:59:32,2-10-2018  12:59:32,25.89,26.91,26.51,25.9200 x 1000,25.9500 x 800,16788706
2-10-2018  12:59:48,2-10-2018  12:59:48,25.89,26.91,26.51,26.00 x 1000,26.02 x 800,16788706
2-10-2018  13:0:5,2-10-2018  13:0:5,25.89,26.91,26.51,26.00 x 1000,26.02 x 800,16788706
2-10-2018  13:0:21,2-10-2018  13:0:21,25.86,26.91,26.51,26.00 x 1000,26.02 x 800,16788706
2-10-2018  13:0:37,2-10-2018  13:0:37,25.86,26.91,26.51,26.00 x 1000,26.02 x 800,16788706
2-10-2018  13:0:53,2-10-2018  13:0:53,25.86,26.91,26.51,25.99 x 1000,26.01 x 800,16788706
2-10-2018  13:1:9,2-10-2018  13:1:9,25.87,26.91,26.51,25.99 x 1000,26.01 x 800,16788706
2-10-2018  13:1:25,2-10-2018  13:1:25,25.85,26.91,26.51,25.99 x 1000,26.01 x 800,16788706
2-10-2018  13:1:40,2-10-2018  13:1:40,25.845,26.91,26.51,25.990 x 1000,26.000 x 800,16788706
2-10-2018  13:1:56,2-10-2018  13:1:56,25.84,26.91,26.51,25.99 x 1000,26.00 x 800,16788706
2-10-2018  13:2:12,2-10-2018  13:2:12,25.85,26.91,26.51,25.99 x 1000,26.00 x 800,16788706
2-10-2018  13:2:28,2-10-2018  13:2:28,25.85,26.91,26.51,25.96 x 1000,25.98 x 800,16788706
2-10-2018  13:2:44,2-10-2018  13:2:44,25.84,26.91,26.51,25.96 x 1000,25.98 x 800,16788706
2-10-2018  13:3:0,2-10-2018  13:3:0,25.84,26.91,26.51,25.96 x 1000,25.98 x 800,16788706
2-10-2018  13:3:16,2-10-2018  13:3:16,25.83,26.91,26.51,25.91 x 1000,25.92 x 800,16788706
2-10-2018  13:3:32,2-10-2018  13:3:32,25.8,26.91,26.51,25.9100 x 1000,25.9200 x 800,16788706
2-10-2018  13:3:47,2-10-2018  13:3:47,25.81,26.91,26.51,25.91 x 1000,25.92 x 800,16788706
2-10-2018  13:4:3,2-10-2018  13:4:3,25.81,26.91,26.51,25.83 x 1000,25.86 x 800,16788706
2-10-2018  13:4:19,2-10-2018  13:4:19,25.81,26.91,26.51,25.83 x 1000,25.86 x 800,16788706
2-10-2018  13:4:35,2-10-2018  13:4:35,25.81,26.91,26.51,25.8300 x 1000,25.8600 x 800,16788706
2-10-2018  13:4:51,2-10-2018  13:4:51,25.81,26.91,26.51,25.8300 x 1000,25.8600 x 800,16788706
2-10-2018  13:5:7,2-10-2018  13:5:7,25.78,26.91,26.51,25.81 x 1000,25.84 x 800,16788706
2-10-2018  13:5:23,2-10-2018  13:5:23,25.8,26.91,26.51,25.81 x 1000,25.84 x 800,16788706
2-10-2018  13:5:39,2-10-2018  13:5:39,25.8,26.91,26.51,25.78 x 1000,25.84 x 800,16788706
2-10-2018  13:5:55,2-10-2018  13:5:55,25.79,26.91,26.51,25.78 x 1000,25.84 x 800,16788706
2-10-2018  13:6:11,2-10-2018  13:6:11,25.79,26.91,26.51,25.78 x 1000,25.80 x 800,16788706
2-10-2018  13:6:26,2-10-2018  13:6:26,25.79,26.91,26.51,25.79 x 1800,25.81 x 800,16788706
2-10-2018  13:6:42,2-10-2018  13:6:42,25.77,26.91,26.51,25.79 x 1800,25.81 x 800,16788706
2-10-2018  13:6:58,2-10-2018  13:6:58,25.77,26.91,26.51,25.79 x 1800,25.81 x 800,16788706
2-10-2018  13:7:14,2-10-2018  13:7:14,25.76,26.91,26.51,25.79 x 1800,25.81 x 800,16788706
2-10-2018  13:7:30,2-10-2018  13:7:30,25.76,26.91,26.51,25.79 x 1800,25.81 x 800,16788706
2-10-2018  13:7:45,2-10-2018  13:7:45,25.75,26.91,26.51,25.81 x 1800,25.81 x 1100,16788706
2-10-2018  13:8:1,2-10-2018  13:8:1,25.74,26.91,26.51,25.81 x 1800,25.83 x 1400,16788706
2-10-2018  13:8:17,2-10-2018  13:8:17,25.73,26.91,26.51,25.87 x 1800,25.83 x 1400,16788706
2-10-2018  13:8:33,2-10-2018  13:8:33,25.73,26.91,26.51,25.87 x 1800,25.83 x 1400,16788706
2-10-2018  13:8:49,2-10-2018  13:8:49,25.765,26.91,26.51,25.8700 x 1800,25.8300 x 1400,16788706
2-10-2018  13:9:5,2-10-2018  13:9:5,25.77,26.91,26.51,25.87 x 1800,25.87 x 1300,16788706
2-10-2018  13:9:21,2-10-2018  13:9:21,25.76,26.91,26.51,25.870 x 1800,25.870 x 1300,16788706
2-10-2018  13:9:37,2-10-2018  13:9:37,25.77,26.91,26.51,25.87 x 2200,25.87 x 1800,16788706
2-10-2018  13:9:53,2-10-2018  13:9:53,25.7681,26.91,26.51,25.8700 x 1800,25.8700 x 1300,16788706
2-10-2018  13:10:9,2-10-2018  13:10:9,25.78,26.91,26.51,25.85 x 2200,25.86 x 2200,16788706
2-10-2018  13:10:25,2-10-2018  13:10:25,25.78,26.91,26.51,25.85 x 2200,25.86 x 2200,16788706
2-10-2018  13:10:41,2-10-2018  13:10:41,25.78,26.91,26.51,25.85 x 2200,25.86 x 2200,16788706
2-10-2018  13:10:57,2-10-2018  13:10:57,25.782,26.91,26.51,25.80 x 2200,25.82 x 900,16788706
2-10-2018  13:11:12,2-10-2018  13:11:12,25.79,26.91,26.51,25.8000 x 2200,25.8200 x 900,16788706
2-10-2018  13:11:28,2-10-2018  13:11:28,25.79,26.91,26.51,25.80 x 2200,25.82 x 900,16788706
2-10-2018  13:11:45,2-10-2018  13:11:45,25.79,26.91,26.51,25.80 x 2200,25.82 x 900,16788706
2-10-2018  13:12:1,2-10-2018  13:12:1,25.81,26.91,26.51,25.80 x 2200,25.81 x 1100,16788706
2-10-2018  13:12:17,2-10-2018  13:12:17,25.81,26.91,26.51,25.8000 x 2200,25.8100 x 1100,16788706
2-10-2018  13:12:32,2-10-2018  13:12:32,25.8,26.91,26.51,25.80 x 2200,25.81 x 1100,16788706
2-10-2018  13:12:49,2-10-2018  13:12:49,25.8,26.91,26.51,25.81 x 2200,25.82 x 1000,16788706
2-10-2018  13:13:5,2-10-2018  13:13:5,25.8,26.91,26.51,25.81 x 2200,25.82 x 1000,16788706
2-10-2018  13:13:21,2-10-2018  13:13:21,25.7929,26.91,26.51,25.81 x 2200,25.82 x 1000,16788706
2-10-2018  13:13:36,2-10-2018  13:13:36,25.809,26.91,26.51,25.8300 x 1100,25.8400 x 1000,16788706
2-10-2018  13:13:53,2-10-2018  13:13:53,25.8,26.91,26.51,25.83 x 1100,25.84 x 1000,16788706
2-10-2018  13:14:8,2-10-2018  13:14:8,25.78,26.91,26.51,25.830 x 1100,25.840 x 1000,16788706
2-10-2018  13:14:25,2-10-2018  13:14:25,25.79,26.91,26.51,25.83 x 1100,25.84 x 1000,16788706
2-10-2018  13:14:40,2-10-2018  13:14:40,25.7895,26.91,26.51,25.8300 x 1100,25.8400 x 1000,16788706
2-10-2018  13:14:56,2-10-2018  13:14:56,25.8,26.91,26.51,25.83 x 1100,25.84 x 1000,16788706
2-10-2018  13:15:12,2-10-2018  13:15:12,25.8,26.91,26.51,25.83 x 2200,25.84 x 1000,16788706
2-10-2018  13:15:28,2-10-2018  13:15:28,25.78,26.91,26.51,25.85 x 2200,25.88 x 1000,16788706
2-10-2018  13:15:45,2-10-2018  13:15:45,25.78,26.91,26.51,25.85 x 2200,25.88 x 1000,16788706
2-10-2018  13:16:1,2-10-2018  13:16:1,25.78,26.91,26.51,25.8500 x 2200,25.8800 x 1000,16788706
2-10-2018  13:16:16,2-10-2018  13:16:16,25.79,26.91,26.51,25.86 x 2200,25.87 x 800,16788706
2-10-2018  13:16:33,2-10-2018  13:16:33,25.79,26.91,26.51,25.86 x 2200,25.87 x 800,16788706
2-10-2018  13:16:49,2-10-2018  13:16:49,25.7918,26.91,26.51,25.8600 x 2200,25.8700 x 800,16788706
2-10-2018  13:17:5,2-10-2018  13:17:5,25.7969,26.91,26.51,25.8600 x 2200,25.8700 x 800,16788706
2-10-2018  13:17:21,2-10-2018  13:17:21,25.79,26.91,26.51,25.86 x 2200,25.87 x 800,16788706
2-10-2018  13:17:38,2-10-2018  13:17:38,25.78,26.91,26.51,25.84 x 2200,25.85 x 800,16788706
2-10-2018  13:17:54,2-10-2018  13:17:54,25.78,26.91,26.51,25.84 x 2200,25.85 x 800,16788706
2-10-2018  13:18:9,2-10-2018  13:18:9,25.76,26.91,26.51,25.84 x 2200,25.84 x 800,16788706
2-10-2018  13:18:25,2-10-2018  13:18:25,25.7599,26.91,26.51,25.8400 x 2200,25.8400 x 800,16788706
2-10-2018  13:18:42,2-10-2018  13:18:42,25.75,26.91,26.51,25.84 x 2200,25.84 x 800,16788706
2-10-2018  13:18:58,2-10-2018  13:18:58,25.74,26.91,26.51,25.84 x 2200,25.84 x 800,16788706
2-10-2018  13:19:14,2-10-2018  13:19:14,25.755,26.91,26.51,25.84 x 2200,25.84 x 800,16788706
2-10-2018  13:19:30,2-10-2018  13:19:30,25.76,26.91,26.51,25.81 x 2200,25.82 x 800,16788706
2-10-2018  13:19:45,2-10-2018  13:19:45,25.76,26.91,26.51,25.81 x 2200,25.82 x 800,16788706
2-10-2018  13:20:1,2-10-2018  13:20:1,25.755,26.91,26.51,25.790 x 2200,25.810 x 800,16788706
2-10-2018  13:20:17,2-10-2018  13:20:17,25.77,26.91,26.51,25.79 x 2200,25.81 x 800,16788706
2-10-2018  13:20:33,2-10-2018  13:20:33,25.79,26.91,26.51,25.79 x 2200,25.81 x 800,16788706
2-10-2018  13:20:49,2-10-2018  13:20:49,25.78,26.91,26.51,25.78 x 2200,25.79 x 800,16788706
2-10-2018  13:21:5,2-10-2018  13:21:5,25.77,26.91,26.51,25.78 x 2200,25.79 x 800,16788706
2-10-2018  13:21:20,2-10-2018  13:21:20,25.77,26.91,26.51,25.78 x 2200,25.79 x 800,16788706
2-10-2018  13:21:36,2-10-2018  13:21:36,25.78,26.91,26.51,25.77 x 2200,25.79 x 1800,16788706
2-10-2018  13:21:52,2-10-2018  13:21:52,25.7601,26.91,26.51,25.7700 x 2200,25.7900 x 1800,16788706
2-10-2018  13:22:8,2-10-2018  13:22:8,25.76,26.91,26.51,25.77 x 2200,25.79 x 1800,16788706
2-10-2018  13:22:24,2-10-2018  13:22:24,25.76,26.91,26.51,25.77 x 2200,25.76 x 1800,16788706
2-10-2018  13:22:40,2-10-2018  13:22:40,25.76,26.91,26.51,25.75 x 2200,25.76 x 1800,16788706
2-10-2018  13:22:55,2-10-2018  13:22:55,25.74,26.91,26.51,25.75 x 2200,25.76 x 1800,16788706
2-10-2018  13:23:11,2-10-2018  13:23:11,25.74,26.91,26.51,25.75 x 2200,25.74 x 2900,16788706
2-10-2018  13:23:27,2-10-2018  13:23:27,25.72,26.91,26.51,25.7500 x 2200,25.7400 x 2900,16788706
2-10-2018  13:23:43,2-10-2018  13:23:43,25.73,26.91,26.51,25.7400 x 2900,25.7400 x 2900,16788706
2-10-2018  13:23:59,2-10-2018  13:23:59,25.7451,26.91,26.51,25.7400 x 2900,25.7400 x 2900,16788706
2-10-2018  13:24:14,2-10-2018  13:24:14,25.7386,26.91,26.51,25.7400 x 2900,25.7800 x 2900,16788706
2-10-2018  13:24:30,2-10-2018  13:24:30,25.74,26.91,26.51,25.74 x 2900,25.78 x 2900,16788706
2-10-2018  13:24:46,2-10-2018  13:24:46,25.72,26.91,26.51,25.74 x 2900,25.78 x 2900,16788706
2-10-2018  13:25:2,2-10-2018  13:25:2,25.73,26.91,26.51,25.76 x 2900,25.78 x 2900,16788706
2-10-2018  13:25:18,2-10-2018  13:25:18,25.72,26.91,26.51,25.76 x 2900,25.78 x 2900,16788706
2-10-2018  13:25:34,2-10-2018  13:25:34,25.75,26.91,26.51,25.76 x 2900,25.78 x 2900,16788706
2-10-2018  13:25:50,2-10-2018  13:25:50,25.7364,26.91,26.51,25.7800 x 2900,25.7900 x 2900,16788706
2-10-2018  13:26:6,2-10-2018  13:26:6,25.7342,26.91,26.51,25.7800 x 2900,25.7900 x 2900,16788706
2-10-2018  13:26:22,2-10-2018  13:26:22,25.74,26.91,26.51,25.78 x 2900,25.79 x 2900,16788706
2-10-2018  13:26:38,2-10-2018  13:26:38,25.7321,26.91,26.51,25.78 x 2900,25.78 x 2900,16788706
2-10-2018  13:26:53,2-10-2018  13:26:53,25.72,26.91,26.51,25.78 x 2900,25.78 x 2900,16788706
2-10-2018  13:27:9,2-10-2018  13:27:9,25.7199,26.91,26.51,25.7900 x 3100,25.7800 x 2900,16788706
2-10-2018  13:27:26,2-10-2018  13:27:26,25.71,26.91,26.51,25.790 x 3100,25.810 x 1400,16788706
2-10-2018  13:27:42,2-10-2018  13:27:42,25.74,26.91,26.51,25.79 x 3100,25.81 x 1400,16788706
2-10-2018  13:27:57,2-10-2018  13:27:57,25.73,26.91,26.51,25.78 x 3100,25.81 x 1400,16788706
2-10-2018  13:28:13,2-10-2018  13:28:13,25.718000000000004,26.91,26.51,25.780 x 3100,25.810 x 1400,16788706
2-10-2018  13:28:29,2-10-2018  13:28:29,25.7216,26.91,26.51,25.7800 x 3100,25.8100 x 1400,16788706
2-10-2018  13:28:45,2-10-2018  13:28:45,25.73,26.91,26.51,25.7800 x 3100,25.8100 x 1400,16788706
2-10-2018  13:29:1,2-10-2018  13:29:1,25.73,26.91,26.51,25.79 x 3100,25.81 x 1400,16788706
2-10-2018  13:29:18,2-10-2018  13:29:18,25.72,26.91,26.51,25.79 x 3100,25.81 x 1400,16788706
2-10-2018  13:29:34,2-10-2018  13:29:34,25.72,26.91,26.51,25.79 x 3100,25.80 x 800,16788706
2-10-2018  13:29:50,2-10-2018  13:29:50,25.74,26.91,26.51,25.79 x 3100,25.80 x 800,16788706
2-10-2018  13:30:6,2-10-2018  13:30:6,25.74,26.91,26.51,25.7900 x 3100,25.8000 x 800,16788706
2-10-2018  13:30:22,2-10-2018  13:30:22,25.74,26.91,26.51,25.790 x 3100,25.800 x 800,16788706
2-10-2018  13:30:38,2-10-2018  13:30:38,25.79,26.91,26.51,25.78 x 3100,25.79 x 800,16788706
2-10-2018  13:30:53,2-10-2018  13:30:53,25.76,26.91,26.51,25.7800 x 3100,25.7900 x 800,16788706
2-10-2018  13:31:9,2-10-2018  13:31:9,25.76,26.91,26.51,25.78 x 3100,25.79 x 800,16788706
2-10-2018  13:31:25,2-10-2018  13:31:25,25.7595,26.91,26.51,25.7800 x 3100,25.7900 x 800,16788706
2-10-2018  13:31:42,2-10-2018  13:31:42,25.75,26.91,26.51,25.79 x 800,25.79 x 800,16788706
2-10-2018  13:31:57,2-10-2018  13:31:57,25.75,26.91,26.51,25.790 x 800,25.790 x 800,16788706
2-10-2018  13:32:13,2-10-2018  13:32:13,25.75,26.91,26.51,25.79 x 800,25.79 x 800,16788706
2-10-2018  13:32:29,2-10-2018  13:32:29,25.75,26.91,26.51,25.790 x 800,25.790 x 800,16788706
2-10-2018  13:32:45,2-10-2018  13:32:45,25.75,26.91,26.51,25.79 x 800,25.79 x 900,16788706
2-10-2018  13:33:1,2-10-2018  13:33:1,25.747,26.91,26.51,25.7900 x 800,25.7800 x 900,16788706
2-10-2018  13:33:17,2-10-2018  13:33:17,25.75,26.91,26.51,25.76 x 800,25.78 x 900,16788706
2-10-2018  13:33:33,2-10-2018  13:33:33,25.7511,26.91,26.51,25.7600 x 800,25.7800 x 900,16788706
2-10-2018  13:33:49,2-10-2018  13:33:49,25.74,26.91,26.51,25.7600 x 800,25.7800 x 900,16788706
2-10-2018  13:34:4,2-10-2018  13:34:4,25.75,26.91,26.51,25.7300 x 800,25.7400 x 1100,16788706
2-10-2018  13:34:20,2-10-2018  13:34:20,25.75,26.91,26.51,25.73 x 800,25.74 x 1100,16788706
2-10-2018  13:34:36,2-10-2018  13:34:36,25.745,26.91,26.51,25.730 x 800,25.740 x 1100,16788706
2-10-2018  13:34:52,2-10-2018  13:34:52,25.77,26.91,26.51,25.73 x 800,25.74 x 1100,16788706
2-10-2018  13:35:8,2-10-2018  13:35:8,25.785,26.91,26.51,25.760 x 2200,25.770 x 800,16788706
2-10-2018  13:35:24,2-10-2018  13:35:24,25.81,26.91,26.51,25.76 x 2200,25.77 x 800,16788706
2-10-2018  13:35:41,2-10-2018  13:35:41,25.81,26.91,26.51,25.76 x 2200,25.77 x 800,16788706
2-10-2018  13:35:56,2-10-2018  13:35:56,25.81,26.91,26.51,25.76 x 2200,25.77 x 800,16788706
2-10-2018  13:36:12,2-10-2018  13:36:12,25.86,26.91,26.51,25.76 x 2200,25.77 x 800,16788706
2-10-2018  13:36:28,2-10-2018  13:36:28,25.86,26.91,26.51,25.770 x 2200,25.790 x 800,16788706
2-10-2018  13:36:44,2-10-2018  13:36:44,25.86,26.91,26.51,25.77 x 2200,25.79 x 800,16788706
2-10-2018  13:37:0,2-10-2018  13:37:0,25.86,26.91,26.51,25.77 x 2200,25.79 x 800,16788706
2-10-2018  13:37:16,2-10-2018  13:37:16,25.85,26.91,26.51,25.77 x 2200,25.77 x 800,16788706
2-10-2018  13:37:32,2-10-2018  13:37:32,25.85,26.91,26.51,25.750 x 2200,25.770 x 800,16788706
2-10-2018  13:37:48,2-10-2018  13:37:48,25.87,26.91,26.51,25.75 x 2200,25.77 x 800,16788706
2-10-2018  13:38:4,2-10-2018  13:38:4,25.84,26.91,26.51,25.75 x 2200,25.77 x 800,16788706
2-10-2018  13:38:20,2-10-2018  13:38:20,25.75,26.91,26.51,25.7300 x 2200,25.7400 x 2200,16788706
2-10-2018  13:38:36,2-10-2018  13:38:36,25.8698,26.91,26.51,25.7300 x 2200,25.7400 x 2200,16788706
2-10-2018  13:38:52,2-10-2018  13:38:52,25.87,26.91,26.51,25.73 x 2200,25.73 x 2200,16788706
2-10-2018  13:39:7,2-10-2018  13:39:7,25.9,26.91,26.51,25.73 x 2200,25.73 x 2200,16788706
2-10-2018  13:39:23,2-10-2018  13:39:23,25.96,26.91,26.51,25.73 x 2200,25.73 x 2200,16788706
2-10-2018  13:39:39,2-10-2018  13:39:39,25.965,26.91,26.51,25.740 x 2200,25.740 x 900,16788706
2-10-2018  13:39:55,2-10-2018  13:39:55,25.95,26.91,26.51,25.7400 x 2200,25.7400 x 900,16788706
2-10-2018  13:40:11,2-10-2018  13:40:11,25.94,26.91,26.51,25.74 x 2200,25.74 x 900,16788706
2-10-2018  13:40:27,2-10-2018  13:40:27,25.93,26.91,26.51,25.73 x 2200,25.73 x 900,16788706
2-10-2018  13:40:43,2-10-2018  13:40:43,25.94,26.91,26.51,25.73 x 2200,25.73 x 900,16788706
2-10-2018  13:40:59,2-10-2018  13:40:59,25.92,26.91,26.51,25.73 x 2200,25.73 x 900,16788706
2-10-2018  13:41:16,2-10-2018  13:41:16,25.92,26.91,26.51,25.73 x 2200,25.73 x 800,16788706
2-10-2018  13:41:32,2-10-2018  13:41:32,25.92,26.91,26.51,25.720 x 2200,25.730 x 800,16788706
2-10-2018  13:41:48,2-10-2018  13:41:48,25.91,26.91,26.51,25.72 x 2200,25.73 x 800,16788706
2-10-2018  13:42:4,2-10-2018  13:42:4,25.92,26.91,26.51,25.72 x 2200,25.71 x 800,16788706
2-10-2018  13:42:20,2-10-2018  13:42:20,25.9011,26.91,26.51,25.7100 x 2200,25.7100 x 800,16788706
2-10-2018  13:42:35,2-10-2018  13:42:35,25.89,26.91,26.51,25.71 x 2200,25.71 x 800,16788706
2-10-2018  13:42:51,2-10-2018  13:42:51,25.88,26.91,26.51,25.71 x 2200,25.71 x 800,16788706
2-10-2018  13:43:7,2-10-2018  13:43:7,25.9,26.91,26.51,25.71 x 2200,25.71 x 800,16788706
2-10-2018  13:43:23,2-10-2018  13:43:23,25.89,26.91,26.51,25.72 x 2200,25.73 x 800,16788706
2-10-2018  13:43:39,2-10-2018  13:43:39,25.89,26.91,26.51,25.72 x 2200,25.73 x 800,16788706
2-10-2018  13:43:55,2-10-2018  13:43:55,25.87,26.91,26.51,25.72 x 2200,25.73 x 800,16788706
2-10-2018  13:44:11,2-10-2018  13:44:11,25.89,26.91,26.51,25.72 x 2200,25.73 x 800,16788706
2-10-2018  13:44:27,2-10-2018  13:44:27,25.88,26.91,26.51,25.70 x 2200,25.72 x 800,16788706
2-10-2018  13:44:43,2-10-2018  13:44:43,25.87,26.91,26.51,25.70 x 2200,25.72 x 800,16788706
2-10-2018  13:44:59,2-10-2018  13:44:59,25.875,26.91,26.51,25.700 x 2200,25.720 x 800,16788706
2-10-2018  13:45:15,2-10-2018  13:45:15,25.88,26.91,26.51,25.73 x 1000,25.74 x 800,16788706
2-10-2018  13:45:31,2-10-2018  13:45:31,25.89,26.91,26.51,25.73 x 1000,25.74 x 800,16788706
2-10-2018  13:45:47,2-10-2018  13:45:47,25.9,26.91,26.51,25.73 x 1000,25.80 x 800,16788706
2-10-2018  13:46:3,2-10-2018  13:46:3,25.89,26.91,26.51,25.770 x 1000,25.800 x 800,16788706
2-10-2018  13:46:19,2-10-2018  13:46:19,25.89,26.91,26.51,25.7700 x 1000,25.8000 x 800,16788706
2-10-2018  13:46:36,2-10-2018  13:46:36,25.92,26.91,26.51,25.77 x 1000,25.80 x 800,16788706
2-10-2018  13:46:52,2-10-2018  13:46:52,25.92,26.91,26.51,25.7700 x 1000,25.8000 x 1100,16788706
2-10-2018  13:47:8,2-10-2018  13:47:8,25.915,26.91,26.51,25.770 x 1000,25.800 x 1100,16788706
2-10-2018  13:47:24,2-10-2018  13:47:24,25.915,26.91,26.51,25.7700 x 1000,25.8000 x 1100,16788706
2-10-2018  13:47:40,2-10-2018  13:47:40,25.92,26.91,26.51,25.740 x 1000,25.750 x 1300,16788706
2-10-2018  13:47:56,2-10-2018  13:47:56,25.94,26.91,26.51,25.74 x 1000,25.75 x 1300,16788706
2-10-2018  13:48:12,2-10-2018  13:48:12,25.94,26.91,26.51,25.75 x 1000,25.76 x 1300,16788706
2-10-2018  13:48:28,2-10-2018  13:48:28,25.945,26.91,26.51,25.7500 x 1000,25.7600 x 1300,16788706
2-10-2018  13:48:44,2-10-2018  13:48:44,25.96,26.91,26.51,25.75 x 1000,25.76 x 1300,16788706
2-10-2018  13:49:0,2-10-2018  13:49:0,25.955,26.91,26.51,25.730 x 1000,25.750 x 1300,16788706
2-10-2018  13:49:16,2-10-2018  13:49:16,25.955,26.91,26.51,25.730 x 1000,25.750 x 1300,16788706
2-10-2018  13:49:32,2-10-2018  13:49:32,25.955,26.91,26.51,25.730 x 1000,25.740 x 1300,16788706
2-10-2018  13:49:48,2-10-2018  13:49:48,25.96,26.91,26.51,25.73 x 1000,25.74 x 1300,16788706
2-10-2018  13:50:6,2-10-2018  13:50:6,25.965,26.91,26.51,25.730 x 1000,25.740 x 1300,16788706
2-10-2018  13:50:22,2-10-2018  13:50:22,25.965,26.91,26.51,25.730 x 1000,25.800 x 1300,16788706
2-10-2018  13:50:38,2-10-2018  13:50:38,26.02,26.91,26.51,25.73 x 1000,25.80 x 1300,16788706
2-10-2018  13:50:53,2-10-2018  13:50:53,26.0189,26.91,26.51,25.8100 x 1000,25.8000 x 1300,16788706
2-10-2018  13:51:9,2-10-2018  13:51:9,26.02,26.91,26.51,25.81 x 1000,25.83 x 1300,16788706
2-10-2018  13:51:25,2-10-2018  13:51:25,26.02,26.91,26.51,25.8100 x 1000,25.8300 x 1300,16788706
2-10-2018  13:51:41,2-10-2018  13:51:41,26.0373,26.91,26.51,25.8100 x 1000,25.8300 x 1300,16788706
2-10-2018  13:51:57,2-10-2018  13:51:57,26.04,26.91,26.51,25.810 x 1000,25.830 x 1300,16788706
2-10-2018  13:52:13,2-10-2018  13:52:13,26.0266,26.91,26.51,25.8500 x 1400,25.8600 x 1300,16788706
2-10-2018  13:52:29,2-10-2018  13:52:29,26.03,26.91,26.51,25.85 x 1400,25.86 x 1300,16788706
2-10-2018  13:52:45,2-10-2018  13:52:45,26.03,26.91,26.51,25.85 x 1400,25.86 x 1300,16788706
2-10-2018  13:53:1,2-10-2018  13:53:1,26.02,26.91,26.51,25.85 x 1400,25.86 x 1300,16788706
2-10-2018  13:53:17,2-10-2018  13:53:17,26.0,26.91,26.51,25.86 x 1400,25.86 x 800,16788706
2-10-2018  13:53:33,2-10-2018  13:53:33,26.0,26.91,26.51,25.86 x 1400,25.86 x 800,16788706
2-10-2018  13:53:49,2-10-2018  13:53:49,26.0,26.91,26.51,25.86 x 1400,25.86 x 800,16788706
2-10-2018  13:54:5,2-10-2018  13:54:5,25.99,26.91,26.51,25.87 x 1200,25.87 x 1200,16788706
2-10-2018  13:54:21,2-10-2018  13:54:21,25.99,26.91,26.51,25.87 x 1200,25.87 x 1200,16788706
2-10-2018  13:54:37,2-10-2018  13:54:37,26.01,26.91,26.51,25.87 x 1200,25.87 x 1200,16788706
2-10-2018  13:54:53,2-10-2018  13:54:53,26.0,26.91,26.51,25.87 x 1200,25.87 x 1200,16788706
2-10-2018  13:55:9,2-10-2018  13:55:9,26.0,26.91,26.51,25.93 x 800,25.94 x 1200,16788706
2-10-2018  13:55:25,2-10-2018  13:55:25,25.9902,26.91,26.51,25.9300 x 800,25.9400 x 1200,16788706
2-10-2018  13:55:41,2-10-2018  13:55:41,26.0,26.91,26.51,25.93 x 800,25.94 x 1200,16788706
2-10-2018  13:55:57,2-10-2018  13:55:57,26.0,26.91,26.51,25.9300 x 800,25.9400 x 1200,16788706
2-10-2018  13:56:13,2-10-2018  13:56:13,25.975,26.91,26.51,25.920 x 800,25.940 x 1200,16788706
2-10-2018  13:56:29,2-10-2018  13:56:29,26.0,26.91,26.51,25.92 x 800,25.94 x 1200,16788706
2-10-2018  13:56:44,2-10-2018  13:56:44,25.98,26.91,26.51,25.92 x 800,25.94 x 1200,16788706
2-10-2018  13:57:1,2-10-2018  13:57:1,25.99,26.91,26.51,25.92 x 800,25.94 x 1200,16788706
2-10-2018  13:57:16,2-10-2018  13:57:16,25.99,26.91,26.51,25.92 x 800,25.92 x 1800,16788706
2-10-2018  13:57:32,2-10-2018  13:57:32,25.98,26.91,26.51,25.92 x 800,25.92 x 1800,16788706
2-10-2018  13:57:48,2-10-2018  13:57:48,26.0101,26.91,26.51,25.9200 x 800,25.9200 x 1800,16788706
2-10-2018  13:58:4,2-10-2018  13:58:4,26.0,26.91,26.51,25.92 x 800,25.92 x 1800,16788706
2-10-2018  13:58:20,2-10-2018  13:58:20,25.995,26.91,26.51,25.870 x 800,25.890 x 1400,16788706
2-10-2018  13:58:36,2-10-2018  13:58:36,26.01,26.91,26.51,25.87 x 800,25.89 x 1400,16788706
2-10-2018  13:58:52,2-10-2018  13:58:52,26.04,26.91,26.51,25.8700 x 800,25.8900 x 1400,16788706
2-10-2018  13:59:8,2-10-2018  13:59:8,26.04,26.91,26.51,25.8800 x 800,25.8900 x 1400,16788706
2-10-2018  13:59:24,2-10-2018  13:59:24,26.03,26.91,26.51,25.88 x 800,25.89 x 1400,16788706
2-10-2018  13:59:40,2-10-2018  13:59:40,26.03,26.91,26.51,25.8800 x 800,25.8900 x 1400,16788706
2-10-2018  13:59:55,2-10-2018  13:59:55,26.02,26.91,26.51,25.8800 x 800,25.8900 x 1400,16788706
2-10-2018  14:0:11,2-10-2018  14:0:11,26.0129,26.91,26.51,25.8600 x 800,25.8900 x 800,16788706
2-10-2018  14:0:27,2-10-2018  14:0:27,26.01,26.91,26.51,25.86 x 800,25.89 x 800,16788706
2-10-2018  14:0:43,2-10-2018  14:0:43,26.01,26.91,26.51,25.89 x 800,25.89 x 800,16788706
2-10-2018  14:0:59,2-10-2018  14:0:59,26.02,26.91,26.51,25.89 x 800,25.89 x 800,16788706
2-10-2018  14:1:15,2-10-2018  14:1:15,26.0,26.91,26.51,25.89 x 800,25.90 x 800,16788706
2-10-2018  14:1:30,2-10-2018  14:1:30,26.0,26.91,26.51,25.91 x 800,25.90 x 800,16788706
2-10-2018  14:1:46,2-10-2018  14:1:46,26.03,26.91,26.51,25.91 x 800,25.90 x 800,16788706
2-10-2018  14:2:2,2-10-2018  14:2:2,26.03,26.91,26.51,25.91 x 800,25.90 x 800,16788706
2-10-2018  14:2:18,2-10-2018  14:2:18,26.03,26.91,26.51,25.91 x 800,25.92 x 800,16788706
2-10-2018  14:2:34,2-10-2018  14:2:34,26.04,26.91,26.51,25.91 x 800,25.92 x 800,16788706
2-10-2018  14:2:50,2-10-2018  14:2:50,26.04,26.91,26.51,25.92 x 800,25.92 x 800,16788706
2-10-2018  14:3:6,2-10-2018  14:3:6,26.04,26.91,26.51,25.92 x 800,25.94 x 800,16788706
2-10-2018  14:3:22,2-10-2018  14:3:22,26.0251,26.91,26.51,25.9200 x 800,25.9400 x 800,16788706
2-10-2018  14:3:38,2-10-2018  14:3:38,26.02,26.91,26.51,25.95 x 2900,25.94 x 800,16788706
2-10-2018  14:3:54,2-10-2018  14:3:54,26.02,26.91,26.51,25.95 x 2900,25.97 x 800,16788706
2-10-2018  14:4:9,2-10-2018  14:4:9,26.03,26.91,26.51,25.95 x 2900,25.97 x 800,16788706
2-10-2018  14:4:25,2-10-2018  14:4:25,26.02,26.91,26.51,25.95 x 2900,25.97 x 800,16788706
2-10-2018  14:4:41,2-10-2018  14:4:41,26.02,26.91,26.51,25.9500 x 2900,25.9700 x 1000,16788706
2-10-2018  14:4:57,2-10-2018  14:4:57,26.02,26.91,26.51,25.950 x 2900,25.960 x 900,16788706
2-10-2018  14:5:13,2-10-2018  14:5:13,26.02,26.91,26.51,25.95 x 2900,25.96 x 900,16788706
2-10-2018  14:5:29,2-10-2018  14:5:29,26.02,26.91,26.51,25.97 x 1800,25.98 x 1000,16788706
2-10-2018  14:5:45,2-10-2018  14:5:45,26.02,26.91,26.51,25.97 x 1800,25.98 x 1000,16788706
2-10-2018  14:6:1,2-10-2018  14:6:1,26.01,26.91,26.51,25.97 x 1800,25.98 x 1000,16788706
2-10-2018  14:6:17,2-10-2018  14:6:17,26.01,26.91,26.51,25.97 x 1800,25.98 x 1000,16788706
2-10-2018  14:6:33,2-10-2018  14:6:33,26.0,26.91,26.51,26.0000 x 1800,26.0200 x 1000,16788706
2-10-2018  14:6:49,2-10-2018  14:6:49,26.0,26.91,26.51,26.00 x 1800,26.02 x 1000,16788706
2-10-2018  14:7:5,2-10-2018  14:7:5,26.0,26.91,26.51,26.00 x 1800,26.02 x 1000,16788706
2-10-2018  14:7:21,2-10-2018  14:7:21,26.0,26.91,26.51,26.00 x 1800,26.02 x 1000,16788706
2-10-2018  14:7:37,2-10-2018  14:7:37,26.0,26.91,26.51,26.03 x 1800,26.03 x 1000,16788706
2-10-2018  14:7:53,2-10-2018  14:7:53,26.0,26.91,26.51,26.03 x 1800,26.03 x 1000,16788706
2-10-2018  14:8:9,2-10-2018  14:8:9,26.015,26.91,26.51,26.030 x 1800,26.030 x 1000,16788706
2-10-2018  14:8:25,2-10-2018  14:8:25,26.01,26.91,26.51,26.030 x 1800,26.030 x 1000,16788706
2-10-2018  14:8:41,2-10-2018  14:8:41,26.02,26.91,26.51,26.0100 x 1400,26.0300 x 800,16788706
2-10-2018  14:8:57,2-10-2018  14:8:57,26.0422,26.91,26.51,26.0100 x 1400,26.0100 x 800,16788706
2-10-2018  14:9:13,2-10-2018  14:9:13,26.05,26.91,26.51,25.99 x 1400,26.01 x 800,16788706
2-10-2018  14:9:29,2-10-2018  14:9:29,26.05,26.91,26.51,25.9900 x 1400,26.0100 x 800,16788706
2-10-2018  14:9:45,2-10-2018  14:9:45,26.05,26.91,26.51,25.99 x 1400,26.01 x 800,16788706
2-10-2018  14:10:0,2-10-2018  14:10:0,26.0576,26.91,26.51,26.0100 x 1200,26.0100 x 800,16788706
2-10-2018  14:10:16,2-10-2018  14:10:16,26.05,26.91,26.51,26.01 x 1200,26.01 x 800,16788706
2-10-2018  14:10:32,2-10-2018  14:10:32,26.048,26.91,26.51,26.0100 x 1200,26.0100 x 800,16788706
2-10-2018  14:10:48,2-10-2018  14:10:48,26.05,26.91,26.51,26.01 x 1200,26.01 x 800,16788706
2-10-2018  14:11:4,2-10-2018  14:11:4,26.07,26.91,26.51,26.01 x 1200,26.01 x 800,16788706
2-10-2018  14:11:20,2-10-2018  14:11:20,26.0699,26.91,26.51,25.9900 x 1200,25.9900 x 1400,16788706
2-10-2018  14:11:36,2-10-2018  14:11:36,26.065,26.91,26.51,25.990 x 1200,25.990 x 1400,16788706
2-10-2018  14:11:51,2-10-2018  14:11:51,26.07,26.91,26.51,25.99 x 1200,25.99 x 1400,16788706
2-10-2018  14:12:7,2-10-2018  14:12:7,26.07,26.91,26.51,25.9900 x 1200,25.9900 x 1400,16788706
2-10-2018  14:12:23,2-10-2018  14:12:23,26.08,26.91,26.51,25.98 x 1200,26.00 x 1400,16788706
2-10-2018  14:12:39,2-10-2018  14:12:39,26.085,26.91,26.51,25.98 x 1200,26.00 x 1400,16788706
2-10-2018  14:12:54,2-10-2018  14:12:54,26.09,26.91,26.51,26.00 x 900,26.01 x 1400,16788706
2-10-2018  14:13:10,2-10-2018  14:13:10,26.1,26.91,26.51,26.00 x 900,26.01 x 1400,16788706
2-10-2018  14:13:26,2-10-2018  14:13:26,26.1,26.91,26.51,26.00 x 900,26.01 x 1400,16788706
2-10-2018  14:13:42,2-10-2018  14:13:42,26.11,26.91,26.51,26.00 x 800,26.01 x 1400,16788706
2-10-2018  14:13:58,2-10-2018  14:13:58,26.13,26.91,26.51,26.0000 x 800,26.0100 x 1400,16788706
2-10-2018  14:14:14,2-10-2018  14:14:14,26.13,26.91,26.51,26.00 x 800,26.01 x 1400,16788706
2-10-2018  14:14:29,2-10-2018  14:14:29,26.12,26.91,26.51,26.00 x 800,26.01 x 1400,16788706
2-10-2018  14:14:45,2-10-2018  14:14:45,26.12,26.91,26.51,26.01 x 800,26.02 x 2900,16788706
2-10-2018  14:15:1,2-10-2018  14:15:1,26.12,26.91,26.51,26.01 x 800,26.02 x 2900,16788706
2-10-2018  14:15:16,2-10-2018  14:15:16,26.14,26.91,26.51,26.010 x 800,26.020 x 2900,16788706
2-10-2018  14:15:32,2-10-2018  14:15:32,26.13,26.91,26.51,26.01 x 800,26.02 x 2900,16788706
2-10-2018  14:15:48,2-10-2018  14:15:48,26.1127,26.91,26.51,26.0100 x 800,26.0200 x 1800,16788706
2-10-2018  14:16:4,2-10-2018  14:16:4,26.14,26.91,26.51,26.000 x 800,26.010 x 1400,16788706
2-10-2018  14:16:20,2-10-2018  14:16:20,26.12,26.91,26.51,26.00 x 800,26.01 x 1400,16788706
2-10-2018  14:16:36,2-10-2018  14:16:36,26.13,26.91,26.51,26.0000 x 800,26.0100 x 1400,16788706
2-10-2018  14:16:52,2-10-2018  14:16:52,26.12,26.91,26.51,26.01 x 800,26.01 x 1400,16788706
2-10-2018  14:17:8,2-10-2018  14:17:8,26.12,26.91,26.51,26.01 x 800,26.01 x 1400,16788706
2-10-2018  14:17:23,2-10-2018  14:17:23,26.11,26.91,26.51,26.01 x 800,26.01 x 1400,16788706
2-10-2018  14:17:39,2-10-2018  14:17:39,26.11,26.91,26.51,26.01 x 800,26.01 x 1400,16788706
2-10-2018  14:17:55,2-10-2018  14:17:55,26.1,26.91,26.51,26.03 x 900,26.05 x 1400,16788706
2-10-2018  14:18:11,2-10-2018  14:18:11,26.11,26.91,26.51,26.03 x 900,26.05 x 1400,16788706
2-10-2018  14:18:27,2-10-2018  14:18:27,26.11,26.91,26.51,26.03 x 900,26.05 x 1400,16788706
2-10-2018  14:18:43,2-10-2018  14:18:43,26.115,26.91,26.51,26.030 x 900,26.050 x 1400,16788706
2-10-2018  14:18:59,2-10-2018  14:18:59,26.11,26.91,26.51,26.03 x 900,26.02 x 1400,16788706
2-10-2018  14:19:14,2-10-2018  14:19:14,26.11,26.91,26.51,26.03 x 2200,26.02 x 1400,16788706
2-10-2018  14:19:30,2-10-2018  14:19:30,26.11,26.91,26.51,26.0300 x 2200,26.0200 x 1400,16788706
2-10-2018  14:19:46,2-10-2018  14:19:46,26.11,26.91,26.51,26.0300 x 2200,26.0200 x 1400,16788706
2-10-2018  14:20:2,2-10-2018  14:20:2,26.1,26.91,26.51,26.03 x 2200,26.02 x 1400,16788706
2-10-2018  14:20:18,2-10-2018  14:20:18,26.1,26.91,26.51,26.03 x 800,26.03 x 1400,16788706
2-10-2018  14:20:33,2-10-2018  14:20:33,26.0987,26.91,26.51,26.0300 x 1000,26.0200 x 3000,16788706
2-10-2018  14:20:49,2-10-2018  14:20:49,26.09,26.91,26.51,26.03 x 1000,26.02 x 3000,16788706
2-10-2018  14:21:5,2-10-2018  14:21:5,26.1299,26.91,26.51,26.0100 x 1000,26.0200 x 3000,16788706
2-10-2018  14:21:20,2-10-2018  14:21:20,26.12,26.91,26.51,26.01 x 1000,26.02 x 3000,16788706
2-10-2018  14:21:36,2-10-2018  14:21:36,26.11,26.91,26.51,26.0100 x 1000,26.0200 x 3000,16788706
2-10-2018  14:21:52,2-10-2018  14:21:52,26.12,26.91,26.51,26.01 x 1000,26.01 x 3000,16788706
2-10-2018  14:22:8,2-10-2018  14:22:8,26.0695,26.91,26.51,26.0100 x 1000,26.0100 x 3000,16788706
2-10-2018  14:22:24,2-10-2018  14:22:24,26.07,26.91,26.51,26.01 x 3100,26.01 x 3000,16788706
