time,time,Main Price,Prev Close,Open,Bid,Ask,Volume
1-10-2018  9:59:30,1-10-2018  9:59:30,228.66,225.74,227.95,229.11 x 1000,229.05 x 1100,28141939
1-10-2018  9:59:46,1-10-2018  9:59:46,228.75,225.74,227.95,229.11 x 1000,229.05 x 1100,28141939
1-10-2018  10:0:2,1-10-2018  10:0:2,228.8,225.74,227.95,229.11 x 1000,229.14 x 1100,28141939
1-10-2018  10:0:18,1-10-2018  10:0:18,228.71,225.74,227.95,229.18 x 900,229.14 x 1100,28141939
1-10-2018  10:0:34,1-10-2018  10:0:34,228.85,225.74,227.95,229.18 x 900,229.14 x 1100,28141939
1-10-2018  10:0:50,1-10-2018  10:0:50,228.915,225.74,227.95,229.050 x 900,229.120 x 1100,28141939
1-10-2018  10:1:6,1-10-2018  10:1:6,228.9385,225.74,227.95,229.0500 x 900,229.1200 x 1100,28141939
1-10-2018  10:1:22,1-10-2018  10:1:22,229.08,225.74,227.95,229.05 x 900,229.12 x 1100,28141939
1-10-2018  10:1:38,1-10-2018  10:1:38,228.992,225.74,227.95,229.1600 x 900,229.1600 x 1100,28141939
1-10-2018  10:1:54,1-10-2018  10:1:54,228.97,225.74,227.95,229.16 x 900,229.16 x 1100,28141939
1-10-2018  10:2:10,1-10-2018  10:2:10,228.95,225.74,227.95,229.16 x 900,229.16 x 2200,28141939
1-10-2018  10:2:26,1-10-2018  10:2:26,228.93,225.74,227.95,229.070 x 900,229.090 x 800,28141939
1-10-2018  10:2:43,1-10-2018  10:2:43,228.97,225.74,227.95,229.07 x 900,229.09 x 800,28141939
1-10-2018  10:2:59,1-10-2018  10:2:59,229.11,225.74,227.95,229.07 x 900,229.09 x 800,28141939
1-10-2018  10:3:15,1-10-2018  10:3:15,229.0304,225.74,227.95,229.1400 x 900,229.1300 x 800,28141939
1-10-2018  10:3:31,1-10-2018  10:3:31,229.03,225.74,227.95,229.14 x 900,229.13 x 800,28141939
1-10-2018  10:3:47,1-10-2018  10:3:47,228.99,225.74,227.95,229.14 x 900,229.23 x 800,28141939
1-10-2018  10:4:3,1-10-2018  10:4:3,228.9657,225.74,227.95,229.1900 x 900,229.2300 x 800,28141939
1-10-2018  10:4:19,1-10-2018  10:4:19,229.14,225.74,227.95,229.19 x 900,229.23 x 800,28141939
1-10-2018  10:4:35,1-10-2018  10:4:35,229.24,225.74,227.95,229.19 x 900,229.24 x 800,28141939
1-10-2018  10:4:51,1-10-2018  10:4:51,229.2267,225.74,227.95,229.1100 x 900,229.2400 x 800,28141939
1-10-2018  10:5:7,1-10-2018  10:5:7,229.2001,225.74,227.95,229.11 x 900,229.24 x 800,28141939
1-10-2018  10:5:23,1-10-2018  10:5:23,229.21,225.74,227.95,229.11 x 900,229.29 x 800,28141939
1-10-2018  10:5:39,1-10-2018  10:5:39,229.24,225.74,227.95,229.32 x 900,229.29 x 800,28141939
1-10-2018  10:5:56,1-10-2018  10:5:56,229.32,225.74,227.95,229.32 x 900,229.29 x 800,28141939
1-10-2018  10:6:12,1-10-2018  10:6:12,229.38,225.74,227.95,229.32 x 900,229.17 x 800,28141939
1-10-2018  10:6:28,1-10-2018  10:6:28,229.2766,225.74,227.95,229.2300 x 900,229.1700 x 800,28141939
1-10-2018  10:6:44,1-10-2018  10:6:44,229.28,225.74,227.95,229.23 x 900,229.17 x 800,28141939
1-10-2018  10:7:0,1-10-2018  10:7:0,229.13,225.74,227.95,229.23 x 900,229.09 x 800,28141939
1-10-2018  10:7:16,1-10-2018  10:7:16,229.17,225.74,227.95,229.08 x 900,229.09 x 800,28141939
1-10-2018  10:7:32,1-10-2018  10:7:32,229.0101,225.74,227.95,229.08 x 900,229.09 x 800,28141939
1-10-2018  10:7:48,1-10-2018  10:7:48,229.12,225.74,227.95,228.97 x 900,228.99 x 800,28141939
1-10-2018  10:8:4,1-10-2018  10:8:4,229.14,225.74,227.95,228.97 x 900,228.99 x 800,28141939
1-10-2018  10:8:20,1-10-2018  10:8:20,229.1097,225.74,227.95,228.9700 x 900,228.8900 x 800,28141939
1-10-2018  10:8:37,1-10-2018  10:8:37,229.16,225.74,227.95,228.83 x 900,228.89 x 800,28141939
1-10-2018  10:8:52,1-10-2018  10:8:52,229.0501,225.74,227.95,228.8300 x 900,228.8900 x 800,28141939
1-10-2018  10:9:9,1-10-2018  10:9:9,229.08,225.74,227.95,228.8300 x 900,228.8900 x 800,28141939
1-10-2018  10:9:24,1-10-2018  10:9:24,229.1101,225.74,227.95,228.8400 x 900,228.8200 x 800,28141939
1-10-2018  10:9:41,1-10-2018  10:9:41,229.08,225.74,227.95,228.84 x 900,228.82 x 800,28141939
1-10-2018  10:9:56,1-10-2018  10:9:56,229.0,225.74,227.95,228.840 x 900,228.820 x 800,28141939
1-10-2018  10:10:12,1-10-2018  10:10:12,229.03,225.74,227.95,228.9000 x 900,228.8700 x 800,28141939
1-10-2018  10:10:28,1-10-2018  10:10:28,229.0,225.74,227.95,228.90 x 900,228.87 x 800,28141939
1-10-2018  10:10:44,1-10-2018  10:10:44,228.98,225.74,227.95,228.90 x 900,228.88 x 800,28141939
1-10-2018  10:11:0,1-10-2018  10:11:0,228.97,225.74,227.95,228.83 x 900,228.88 x 800,28141939
1-10-2018  10:11:16,1-10-2018  10:11:16,228.99,225.74,227.95,228.83 x 900,228.88 x 800,28141939
1-10-2018  10:11:32,1-10-2018  10:11:32,228.97,225.74,227.95,228.83 x 900,228.94 x 800,28141939
1-10-2018  10:11:48,1-10-2018  10:11:48,229.03,225.74,227.95,228.800 x 900,228.940 x 800,28141939
1-10-2018  10:12:4,1-10-2018  10:12:4,229.0,225.74,227.95,228.80 x 900,228.94 x 800,28141939
1-10-2018  10:12:20,1-10-2018  10:12:20,229.07,225.74,227.95,228.80 x 900,228.81 x 800,28141939
1-10-2018  10:12:36,1-10-2018  10:12:36,229.08,225.74,227.95,228.8400 x 900,228.8100 x 800,28141939
1-10-2018  10:12:52,1-10-2018  10:12:52,229.1217,225.74,227.95,228.8400 x 900,228.8100 x 800,28141939
1-10-2018  10:13:8,1-10-2018  10:13:8,229.13,225.74,227.95,228.84 x 900,228.79 x 800,28141939
1-10-2018  10:13:24,1-10-2018  10:13:24,229.14,225.74,227.95,228.67 x 900,228.79 x 800,28141939
1-10-2018  10:13:40,1-10-2018  10:13:40,229.09,225.74,227.95,228.67 x 900,228.79 x 800,28141939
1-10-2018  10:13:56,1-10-2018  10:13:56,228.78,225.74,227.95,228.67 x 900,228.69 x 800,28141939
1-10-2018  10:14:12,1-10-2018  10:14:12,228.82,225.74,227.95,228.72 x 900,228.69 x 800,28141939
1-10-2018  10:14:28,1-10-2018  10:14:28,228.75,225.74,227.95,228.72 x 900,228.69 x 800,28141939
1-10-2018  10:14:44,1-10-2018  10:14:44,228.76,225.74,227.95,228.72 x 900,228.72 x 800,28141939
1-10-2018  10:15:0,1-10-2018  10:15:0,228.805,225.74,227.95,228.710 x 900,228.720 x 800,28141939
1-10-2018  10:15:16,1-10-2018  10:15:16,228.72,225.74,227.95,228.71 x 900,228.72 x 800,28141939
1-10-2018  10:15:33,1-10-2018  10:15:33,228.75,225.74,227.95,228.850 x 900,228.740 x 800,28141939
1-10-2018  10:15:49,1-10-2018  10:15:49,228.7394,225.74,227.95,228.8500 x 900,228.7400 x 800,28141939
1-10-2018  10:16:5,1-10-2018  10:16:5,228.83,225.74,227.95,228.85 x 900,228.96 x 800,28141939
1-10-2018  10:16:21,1-10-2018  10:16:21,228.89,225.74,227.95,229.03 x 900,228.96 x 800,28141939
1-10-2018  10:16:37,1-10-2018  10:16:37,228.92,225.74,227.95,229.03 x 900,228.96 x 800,28141939
1-10-2018  10:16:53,1-10-2018  10:16:53,228.845,225.74,227.95,229.0300 x 900,229.0000 x 800,28141939
1-10-2018  10:17:9,1-10-2018  10:17:9,228.74,225.74,227.95,228.98 x 900,229.00 x 800,28141939
1-10-2018  10:17:25,1-10-2018  10:17:25,228.8,225.74,227.95,228.98 x 900,229.00 x 800,28141939
1-10-2018  10:17:41,1-10-2018  10:17:41,228.6,225.74,227.95,228.98 x 900,228.96 x 800,28141939
1-10-2018  10:17:58,1-10-2018  10:17:58,228.57,225.74,227.95,229.00 x 900,228.96 x 800,28141939
1-10-2018  10:18:14,1-10-2018  10:18:14,228.6,225.74,227.95,229.00 x 900,228.96 x 800,28141939
1-10-2018  10:18:30,1-10-2018  10:18:30,228.54,225.74,227.95,229.00 x 900,229.03 x 800,28141939
1-10-2018  10:18:46,1-10-2018  10:18:46,228.56,225.74,227.95,229.02 x 900,229.03 x 800,28141939
1-10-2018  10:19:2,1-10-2018  10:19:2,228.53,225.74,227.95,229.02 x 900,229.03 x 800,28141939
1-10-2018  10:19:18,1-10-2018  10:19:18,228.54,225.74,227.95,229.02 x 900,229.01 x 800,28141939
1-10-2018  10:19:34,1-10-2018  10:19:34,228.59,225.74,227.95,229.14 x 900,229.01 x 800,28141939
1-10-2018  10:19:50,1-10-2018  10:19:50,228.59,225.74,227.95,229.14 x 900,229.01 x 800,28141939
1-10-2018  10:20:6,1-10-2018  10:20:6,228.7231,225.74,227.95,229.1400 x 900,229.2300 x 800,28141939
1-10-2018  10:20:22,1-10-2018  10:20:22,228.65,225.74,227.95,229.21 x 900,229.23 x 800,28141939
1-10-2018  10:20:38,1-10-2018  10:20:38,228.7,225.74,227.95,229.21 x 900,229.23 x 800,28141939
1-10-2018  10:20:54,1-10-2018  10:20:54,228.75,225.74,227.95,229.33 x 900,229.24 x 800,28141939
1-10-2018  10:21:10,1-10-2018  10:21:10,228.77,225.74,227.95,229.33 x 900,229.24 x 800,28141939
1-10-2018  10:21:26,1-10-2018  10:21:26,228.68,225.74,227.95,229.33 x 900,229.24 x 800,28141939
1-10-2018  10:21:42,1-10-2018  10:21:42,228.74,225.74,227.95,229.27 x 900,229.30 x 800,28141939
1-10-2018  10:21:58,1-10-2018  10:21:58,228.78,225.74,227.95,229.2700 x 900,229.3000 x 800,28141939
1-10-2018  10:22:14,1-10-2018  10:22:14,228.78,225.74,227.95,229.27 x 900,229.17 x 800,28141939
1-10-2018  10:22:30,1-10-2018  10:22:30,228.78,225.74,227.95,228.96 x 900,229.17 x 800,28141939
1-10-2018  10:22:46,1-10-2018  10:22:46,228.773,225.74,227.95,228.96 x 900,229.17 x 800,28141939
1-10-2018  10:23:2,1-10-2018  10:23:2,228.81,225.74,227.95,228.96 x 900,229.14 x 800,28141939
1-10-2018  10:23:18,1-10-2018  10:23:18,228.77,225.74,227.95,229.13 x 900,229.14 x 800,28141939
1-10-2018  10:23:34,1-10-2018  10:23:34,228.81,225.74,227.95,229.13 x 900,229.14 x 800,28141939
1-10-2018  10:23:50,1-10-2018  10:23:50,228.79,225.74,227.95,229.13 x 900,229.13 x 800,28141939
1-10-2018  10:24:6,1-10-2018  10:24:6,228.81,225.74,227.95,229.11 x 900,229.13 x 800,28141939
1-10-2018  10:24:23,1-10-2018  10:24:23,228.81,225.74,227.95,229.11 x 900,229.13 x 800,28141939
1-10-2018  10:24:38,1-10-2018  10:24:38,228.78,225.74,227.95,229.1100 x 900,229.1200 x 800,28141939
1-10-2018  10:24:54,1-10-2018  10:24:54,228.89,225.74,227.95,229.07 x 900,229.12 x 800,28141939
1-10-2018  10:25:10,1-10-2018  10:25:10,228.89,225.74,227.95,229.07 x 900,229.12 x 800,28141939
1-10-2018  10:25:26,1-10-2018  10:25:26,228.85,225.74,227.95,229.07 x 900,229.06 x 800,28141939
1-10-2018  10:25:42,1-10-2018  10:25:42,228.81,225.74,227.95,228.99 x 900,229.06 x 800,28141939
1-10-2018  10:25:58,1-10-2018  10:25:58,228.84,225.74,227.95,228.99 x 900,229.06 x 800,28141939
1-10-2018  10:26:14,1-10-2018  10:26:14,228.8,225.74,227.95,228.99 x 900,228.97 x 800,28141939
1-10-2018  10:26:30,1-10-2018  10:26:30,228.8146,225.74,227.95,228.9900 x 900,228.9700 x 800,28141939
1-10-2018  10:26:46,1-10-2018  10:26:46,228.83,225.74,227.95,228.99 x 900,228.97 x 800,28141939
1-10-2018  10:27:2,1-10-2018  10:27:2,228.86,225.74,227.95,228.99 x 900,229.07 x 800,28141939
1-10-2018  10:27:19,1-10-2018  10:27:19,228.9,225.74,227.95,228.99 x 900,229.07 x 800,28141939
1-10-2018  10:27:34,1-10-2018  10:27:34,228.85,225.74,227.95,228.99 x 900,229.07 x 800,28141939
1-10-2018  10:27:51,1-10-2018  10:27:51,228.92,225.74,227.95,229.11 x 900,229.09 x 800,28141939
1-10-2018  10:28:6,1-10-2018  10:28:6,228.97,225.74,227.95,229.1100 x 900,229.0900 x 800,28141939
1-10-2018  10:28:23,1-10-2018  10:28:23,228.93,225.74,227.95,229.11 x 900,229.13 x 800,28141939
1-10-2018  10:28:39,1-10-2018  10:28:39,228.96,225.74,227.95,229.12 x 900,229.13 x 800,28141939
1-10-2018  10:28:54,1-10-2018  10:28:54,228.985,225.74,227.95,229.120 x 900,229.130 x 800,28141939
1-10-2018  10:29:10,1-10-2018  10:29:10,228.96,225.74,227.95,229.1200 x 900,228.8200 x 800,28141939
1-10-2018  10:29:26,1-10-2018  10:29:26,228.99,225.74,227.95,228.81 x 900,228.82 x 800,28141939
1-10-2018  10:29:42,1-10-2018  10:29:42,228.91,225.74,227.95,228.81 x 900,228.82 x 800,28141939
1-10-2018  10:29:59,1-10-2018  10:29:59,228.86,225.74,227.95,228.81 x 900,228.86 x 800,28141939
1-10-2018  10:30:15,1-10-2018  10:30:15,228.92,225.74,227.95,228.7600 x 900,228.8600 x 800,28141939
1-10-2018  10:30:31,1-10-2018  10:30:31,228.88,225.74,227.95,228.76 x 900,228.86 x 800,28141939
1-10-2018  10:30:47,1-10-2018  10:30:47,228.86,225.74,227.95,228.76 x 900,228.73 x 800,28141939
1-10-2018  10:31:3,1-10-2018  10:31:3,228.85,225.74,227.95,228.74 x 900,228.73 x 800,28141939
1-10-2018  10:31:19,1-10-2018  10:31:19,228.9,225.74,227.95,228.74 x 900,228.73 x 800,28141939
1-10-2018  10:31:35,1-10-2018  10:31:35,228.97,225.74,227.95,228.74 x 900,228.90 x 800,28141939
1-10-2018  10:31:52,1-10-2018  10:31:52,228.9,225.74,227.95,228.91 x 900,228.90 x 800,28141939
1-10-2018  10:32:8,1-10-2018  10:32:8,228.96,225.74,227.95,228.91 x 900,228.90 x 800,28141939
1-10-2018  10:32:24,1-10-2018  10:32:24,228.93,225.74,227.95,228.7800 x 900,228.7800 x 800,28141939
1-10-2018  10:32:40,1-10-2018  10:32:40,228.93,225.74,227.95,228.78 x 900,228.78 x 800,28141939
1-10-2018  10:32:56,1-10-2018  10:32:56,228.9644,225.74,227.95,228.7800 x 900,228.7400 x 800,28141939
1-10-2018  10:33:12,1-10-2018  10:33:12,228.93,225.74,227.95,228.620 x 900,228.740 x 800,28141939
1-10-2018  10:33:28,1-10-2018  10:33:28,228.95,225.74,227.95,228.62 x 900,228.74 x 800,28141939
1-10-2018  10:33:45,1-10-2018  10:33:45,228.94,225.74,227.95,228.62 x 900,228.74 x 800,28141939
1-10-2018  10:34:1,1-10-2018  10:34:1,228.9,225.74,227.95,228.53 x 900,228.58 x 800,28141939
1-10-2018  10:34:17,1-10-2018  10:34:17,228.87,225.74,227.95,228.53 x 900,228.58 x 800,28141939
1-10-2018  10:34:33,1-10-2018  10:34:33,228.89,225.74,227.95,228.53 x 900,228.60 x 800,28141939
1-10-2018  10:34:49,1-10-2018  10:34:49,228.85,225.74,227.95,228.6200 x 900,228.6000 x 800,28141939
1-10-2018  10:35:6,1-10-2018  10:35:6,228.865,225.74,227.95,228.620 x 900,228.600 x 800,28141939
1-10-2018  10:35:22,1-10-2018  10:35:22,228.78,225.74,227.95,228.62 x 900,228.64 x 800,28141939
1-10-2018  10:35:38,1-10-2018  10:35:38,228.82,225.74,227.95,228.66 x 900,228.64 x 800,28141939
1-10-2018  10:35:54,1-10-2018  10:35:54,228.7759,225.74,227.95,228.6600 x 900,228.6400 x 800,28141939
1-10-2018  10:36:11,1-10-2018  10:36:11,228.79,225.74,227.95,228.66 x 900,228.80 x 800,28141939
1-10-2018  10:36:27,1-10-2018  10:36:27,228.78,225.74,227.95,228.72 x 900,228.80 x 800,28141939
1-10-2018  10:36:43,1-10-2018  10:36:43,228.76,225.74,227.95,228.72 x 900,228.80 x 800,28141939
1-10-2018  10:36:59,1-10-2018  10:36:59,228.81,225.74,227.95,228.72 x 900,228.75 x 800,28141939
1-10-2018  10:37:15,1-10-2018  10:37:15,228.8228,225.74,227.95,228.7800 x 900,228.7500 x 800,28141939
1-10-2018  10:37:31,1-10-2018  10:37:31,228.8,225.74,227.95,228.78 x 900,228.75 x 800,28141939
1-10-2018  10:37:47,1-10-2018  10:37:47,228.84,225.74,227.95,228.78 x 900,228.78 x 800,28141939
1-10-2018  10:38:4,1-10-2018  10:38:4,228.82,225.74,227.95,228.78 x 900,228.78 x 800,28141939
1-10-2018  10:38:20,1-10-2018  10:38:20,228.83,225.74,227.95,228.78 x 900,228.78 x 800,28141939
1-10-2018  10:38:36,1-10-2018  10:38:36,228.77,225.74,227.95,228.81 x 900,228.79 x 800,28141939
1-10-2018  10:38:52,1-10-2018  10:38:52,228.79,225.74,227.95,228.8100 x 900,228.7900 x 800,28141939
1-10-2018  10:39:8,1-10-2018  10:39:8,228.805,225.74,227.95,228.81 x 900,228.79 x 800,28141939
1-10-2018  10:39:24,1-10-2018  10:39:24,228.69,225.74,227.95,228.80 x 900,228.81 x 800,28141939
1-10-2018  10:39:40,1-10-2018  10:39:40,228.68,225.74,227.95,228.80 x 900,228.81 x 800,28141939
1-10-2018  10:39:56,1-10-2018  10:39:56,228.725,225.74,227.95,228.800 x 900,228.870 x 800,28141939
1-10-2018  10:40:12,1-10-2018  10:40:12,228.67,225.74,227.95,228.88 x 900,228.87 x 800,28141939
1-10-2018  10:40:28,1-10-2018  10:40:28,228.66,225.74,227.95,228.88 x 900,228.87 x 800,28141939
1-10-2018  10:40:44,1-10-2018  10:40:44,228.665,225.74,227.95,228.880 x 900,228.830 x 800,28141939
1-10-2018  10:41:1,1-10-2018  10:41:1,228.62,225.74,227.95,228.84 x 900,228.83 x 800,28141939
1-10-2018  10:41:17,1-10-2018  10:41:17,228.67,225.74,227.95,228.84 x 900,228.83 x 800,28141939
1-10-2018  10:41:33,1-10-2018  10:41:33,228.63,225.74,227.95,228.84 x 900,228.85 x 800,28141939
1-10-2018  10:41:49,1-10-2018  10:41:49,228.66,225.74,227.95,228.81 x 900,228.85 x 800,28141939
1-10-2018  10:42:5,1-10-2018  10:42:5,228.58,225.74,227.95,228.81 x 900,228.85 x 800,28141939
1-10-2018  10:42:21,1-10-2018  10:42:21,228.49,225.74,227.95,228.8100 x 900,228.8500 x 800,28141939
1-10-2018  10:42:37,1-10-2018  10:42:37,228.543,225.74,227.95,228.86 x 1100,228.90 x 800,28141939
1-10-2018  10:42:53,1-10-2018  10:42:53,228.6,225.74,227.95,228.86 x 1100,228.90 x 800,28141939
1-10-2018  10:43:9,1-10-2018  10:43:9,228.6,225.74,227.95,228.86 x 1100,228.96 x 800,28141939
1-10-2018  10:43:26,1-10-2018  10:43:26,228.58,225.74,227.95,228.86 x 1100,228.96 x 800,28141939
1-10-2018  10:43:42,1-10-2018  10:43:42,228.58,225.74,227.95,228.96 x 1100,228.96 x 800,28141939
1-10-2018  10:43:58,1-10-2018  10:43:58,228.6,225.74,227.95,228.96 x 1100,229.00 x 800,28141939
1-10-2018  10:44:14,1-10-2018  10:44:14,228.66,225.74,227.95,228.99 x 1100,229.00 x 800,28141939
1-10-2018  10:44:30,1-10-2018  10:44:30,228.58,225.74,227.95,228.99 x 1100,229.00 x 800,28141939
1-10-2018  10:44:46,1-10-2018  10:44:46,228.6,225.74,227.95,228.99 x 1100,228.94 x 800,28141939
1-10-2018  10:45:2,1-10-2018  10:45:2,228.64,225.74,227.95,228.9200 x 1100,228.9400 x 800,28141939
1-10-2018  10:45:18,1-10-2018  10:45:18,228.64,225.74,227.95,228.92 x 1100,228.94 x 800,28141939
1-10-2018  10:45:34,1-10-2018  10:45:34,228.6455,225.74,227.95,228.9200 x 1100,228.9200 x 800,28141939
1-10-2018  10:45:50,1-10-2018  10:45:50,228.65,225.74,227.95,228.88 x 1100,228.92 x 800,28141939
1-10-2018  10:46:6,1-10-2018  10:46:6,228.7337,225.74,227.95,228.8800 x 1100,228.9200 x 800,28141939
1-10-2018  10:46:22,1-10-2018  10:46:22,228.82,225.74,227.95,228.88 x 1100,228.87 x 800,28141939
1-10-2018  10:46:39,1-10-2018  10:46:39,228.7904,225.74,227.95,228.8900 x 1100,228.8700 x 800,28141939
1-10-2018  10:46:55,1-10-2018  10:46:55,228.83,225.74,227.95,228.89 x 1100,228.87 x 800,28141939
1-10-2018  10:47:11,1-10-2018  10:47:11,228.7,225.74,227.95,228.90 x 1100,228.91 x 800,28141939
1-10-2018  10:47:28,1-10-2018  10:47:28,228.74,225.74,227.95,228.90 x 1100,228.91 x 800,28141939
1-10-2018  10:47:44,1-10-2018  10:47:44,228.62,225.74,227.95,228.90 x 1100,228.91 x 800,28141939
1-10-2018  10:48:0,1-10-2018  10:48:0,228.67,225.74,227.95,228.96 x 900,228.97 x 1000,28141939
1-10-2018  10:48:16,1-10-2018  10:48:16,228.68,225.74,227.95,228.96 x 900,228.97 x 1000,28141939
1-10-2018  10:48:32,1-10-2018  10:48:32,228.7,225.74,227.95,228.96 x 900,228.97 x 1000,28141939
1-10-2018  10:48:49,1-10-2018  10:48:49,228.7,225.74,227.95,228.94 x 900,228.96 x 1000,28141939
1-10-2018  10:49:5,1-10-2018  10:49:5,228.7,225.74,227.95,228.94 x 900,228.96 x 1000,28141939
1-10-2018  10:49:21,1-10-2018  10:49:21,228.68,225.74,227.95,228.94 x 900,228.88 x 1000,28141939
1-10-2018  10:49:37,1-10-2018  10:49:37,228.73,225.74,227.95,228.91 x 900,228.88 x 1000,28141939
1-10-2018  10:49:53,1-10-2018  10:49:53,228.76,225.74,227.95,228.91 x 900,228.88 x 1000,28141939
1-10-2018  10:50:9,1-10-2018  10:50:9,228.735,225.74,227.95,228.910 x 900,228.880 x 1000,28141939
1-10-2018  10:50:25,1-10-2018  10:50:25,228.65,225.74,227.95,228.78 x 900,228.88 x 1000,28141939
1-10-2018  10:50:41,1-10-2018  10:50:41,228.6999,225.74,227.95,228.7800 x 900,228.8800 x 1000,28141939
1-10-2018  10:50:57,1-10-2018  10:50:57,228.7,225.74,227.95,228.78 x 900,228.78 x 1000,28141939
1-10-2018  10:51:13,1-10-2018  10:51:13,228.67,225.74,227.95,228.77 x 900,228.78 x 1000,28141939
1-10-2018  10:51:29,1-10-2018  10:51:29,228.68,225.74,227.95,228.77 x 900,228.78 x 1000,28141939
1-10-2018  10:51:45,1-10-2018  10:51:45,228.7199,225.74,227.95,228.77 x 900,228.78 x 1000,28141939
1-10-2018  10:52:1,1-10-2018  10:52:1,228.7,225.74,227.95,228.80 x 900,228.78 x 1000,28141939
1-10-2018  10:52:17,1-10-2018  10:52:17,228.69,225.74,227.95,228.80 x 900,228.78 x 1000,28141939
1-10-2018  10:52:33,1-10-2018  10:52:33,228.71,225.74,227.95,228.80 x 900,228.78 x 1000,28141939
1-10-2018  10:52:50,1-10-2018  10:52:50,228.68,225.74,227.95,228.8000 x 900,228.8300 x 1000,28141939
1-10-2018  10:53:6,1-10-2018  10:53:6,228.65,225.74,227.95,228.80 x 900,228.83 x 1000,28141939
1-10-2018  10:53:22,1-10-2018  10:53:22,228.65,225.74,227.95,228.80 x 900,228.86 x 1000,28141939
1-10-2018  10:53:38,1-10-2018  10:53:38,228.68,225.74,227.95,228.81 x 900,228.86 x 1000,28141939
1-10-2018  10:53:54,1-10-2018  10:53:54,228.66,225.74,227.95,228.81 x 900,228.86 x 1000,28141939
1-10-2018  10:54:10,1-10-2018  10:54:10,228.71,225.74,227.95,228.81 x 900,228.86 x 1000,28141939
1-10-2018  10:54:26,1-10-2018  10:54:26,228.69,225.74,227.95,228.76 x 900,228.81 x 1100,28141939
1-10-2018  10:54:42,1-10-2018  10:54:42,228.7,225.74,227.95,228.760 x 900,228.810 x 1100,28141939
1-10-2018  10:54:58,1-10-2018  10:54:58,228.67,225.74,227.95,228.76 x 900,228.81 x 1100,28141939
1-10-2018  10:55:15,1-10-2018  10:55:15,228.72,225.74,227.95,228.74 x 900,228.72 x 1100,28141939
1-10-2018  10:55:31,1-10-2018  10:55:31,228.7405,225.74,227.95,228.7400 x 900,228.7200 x 1100,28141939
1-10-2018  10:55:47,1-10-2018  10:55:47,228.74,225.74,227.95,228.74 x 900,228.68 x 1100,28141939
1-10-2018  10:56:4,1-10-2018  10:56:4,228.71,225.74,227.95,228.65 x 900,228.68 x 1100,28141939
1-10-2018  10:56:20,1-10-2018  10:56:20,228.79,225.74,227.95,228.65 x 900,228.68 x 1100,28141939
1-10-2018  10:56:36,1-10-2018  10:56:36,228.85,225.74,227.95,228.65 x 900,228.68 x 1100,28141939
1-10-2018  10:56:52,1-10-2018  10:56:52,228.88,225.74,227.95,228.62 x 900,228.63 x 1100,28141939
1-10-2018  10:57:8,1-10-2018  10:57:8,228.92,225.74,227.95,228.62 x 900,228.63 x 1100,28141939
1-10-2018  10:57:24,1-10-2018  10:57:24,228.8976,225.74,227.95,228.4800 x 900,228.5600 x 800,28141939
1-10-2018  10:57:40,1-10-2018  10:57:40,228.92,225.74,227.95,228.48 x 900,228.56 x 800,28141939
1-10-2018  10:57:56,1-10-2018  10:57:56,228.89,225.74,227.95,228.48 x 900,228.56 x 800,28141939
1-10-2018  10:58:12,1-10-2018  10:58:12,228.9373,225.74,227.95,228.5500 x 800,228.5900 x 800,28141939
1-10-2018  10:58:28,1-10-2018  10:58:28,228.9599,225.74,227.95,228.5500 x 800,228.5900 x 800,28141939
1-10-2018  10:58:44,1-10-2018  10:58:44,228.86,225.74,227.95,228.55 x 800,228.59 x 800,28141939
1-10-2018  10:59:1,1-10-2018  10:59:1,228.87,225.74,227.95,228.55 x 800,228.60 x 800,28141939
1-10-2018  10:59:17,1-10-2018  10:59:17,228.79,225.74,227.95,228.55 x 800,228.60 x 800,28141939
1-10-2018  10:59:33,1-10-2018  10:59:33,228.79,225.74,227.95,228.55 x 800,228.58 x 800,28141939
1-10-2018  10:59:49,1-10-2018  10:59:49,228.79,225.74,227.95,228.58 x 800,228.58 x 800,28141939
1-10-2018  11:0:5,1-10-2018  11:0:5,228.75,225.74,227.95,228.58 x 800,228.58 x 800,28141939
1-10-2018  11:0:21,1-10-2018  11:0:21,228.71,225.74,227.95,228.58 x 800,228.66 x 800,28141939
1-10-2018  11:0:37,1-10-2018  11:0:37,228.69,225.74,227.95,228.65 x 800,228.66 x 800,28141939
1-10-2018  11:0:53,1-10-2018  11:0:53,228.66,225.74,227.95,228.65 x 800,228.66 x 800,28141939
1-10-2018  11:1:9,1-10-2018  11:1:9,228.59,225.74,227.95,228.75 x 800,228.70 x 1200,28141939
1-10-2018  11:1:25,1-10-2018  11:1:25,228.5899,225.74,227.95,228.7500 x 800,228.7000 x 1200,28141939
1-10-2018  11:1:41,1-10-2018  11:1:41,228.6001,225.74,227.95,228.7500 x 800,228.7000 x 1200,28141939
1-10-2018  11:1:57,1-10-2018  11:1:57,228.5993,225.74,227.95,228.8100 x 800,228.8200 x 1200,28141939
1-10-2018  11:2:14,1-10-2018  11:2:14,228.59,225.74,227.95,228.81 x 800,228.82 x 1200,28141939
1-10-2018  11:2:30,1-10-2018  11:2:30,228.6399,225.74,227.95,228.8100 x 800,228.8200 x 1200,28141939
1-10-2018  11:2:46,1-10-2018  11:2:46,228.6,225.74,227.95,228.63 x 800,228.68 x 1200,28141939
1-10-2018  11:3:2,1-10-2018  11:3:2,228.6,225.74,227.95,228.63 x 800,228.68 x 1200,28141939
1-10-2018  11:3:19,1-10-2018  11:3:19,228.33,225.74,227.95,228.63 x 800,228.68 x 1200,28141939
1-10-2018  11:3:35,1-10-2018  11:3:35,228.3,225.74,227.95,228.690 x 800,228.690 x 1200,28141939
1-10-2018  11:3:51,1-10-2018  11:3:51,228.3532,225.74,227.95,228.6900 x 800,228.6900 x 1200,28141939
1-10-2018  11:4:7,1-10-2018  11:4:7,228.37,225.74,227.95,228.69 x 800,228.69 x 1200,28141939
1-10-2018  11:4:24,1-10-2018  11:4:24,228.46,225.74,227.95,228.6500 x 800,228.6700 x 1200,28141939
1-10-2018  11:4:40,1-10-2018  11:4:40,228.4,225.74,227.95,228.65 x 800,228.67 x 1200,28141939
1-10-2018  11:4:56,1-10-2018  11:4:56,228.38,225.74,227.95,228.65 x 800,228.67 x 1200,28141939
1-10-2018  11:5:12,1-10-2018  11:5:12,228.37,225.74,227.95,228.74 x 800,228.75 x 1200,28141939
1-10-2018  11:5:28,1-10-2018  11:5:28,228.34,225.74,227.95,228.74 x 800,228.75 x 1200,28141939
1-10-2018  11:5:44,1-10-2018  11:5:44,228.34,225.74,227.95,228.7400 x 800,228.7500 x 1200,28141939
1-10-2018  11:6:0,1-10-2018  11:6:0,228.3345,225.74,227.95,228.65 x 800,228.70 x 1200,28141939
1-10-2018  11:6:16,1-10-2018  11:6:16,228.37,225.74,227.95,228.6500 x 800,228.7000 x 1200,28141939
1-10-2018  11:6:32,1-10-2018  11:6:32,228.39,225.74,227.95,228.65 x 800,228.70 x 1200,28141939
1-10-2018  11:6:48,1-10-2018  11:6:48,228.25,225.74,227.95,228.73 x 800,228.71 x 1200,28141939
1-10-2018  11:7:5,1-10-2018  11:7:5,228.3,225.74,227.95,228.730 x 800,228.710 x 1200,28141939
1-10-2018  11:7:21,1-10-2018  11:7:21,228.26,225.74,227.95,228.7300 x 800,228.7000 x 1200,28141939
1-10-2018  11:7:37,1-10-2018  11:7:37,228.295,225.74,227.95,228.680 x 800,228.700 x 1200,28141939
1-10-2018  11:7:53,1-10-2018  11:7:53,228.276,225.74,227.95,228.680 x 800,228.700 x 1200,28141939
1-10-2018  11:8:9,1-10-2018  11:8:9,228.24,225.74,227.95,228.68 x 800,228.67 x 1200,28141939
1-10-2018  11:8:25,1-10-2018  11:8:25,228.2,225.74,227.95,228.66 x 800,228.67 x 1200,28141939
1-10-2018  11:8:42,1-10-2018  11:8:42,228.2,225.74,227.95,228.66 x 800,228.67 x 1200,28141939
1-10-2018  11:8:58,1-10-2018  11:8:58,228.16,225.74,227.95,228.66 x 800,228.68 x 1200,28141939
1-10-2018  11:9:14,1-10-2018  11:9:14,228.17,225.74,227.95,228.630 x 800,228.680 x 1200,28141939
1-10-2018  11:9:31,1-10-2018  11:9:31,228.285,225.74,227.95,228.630 x 800,228.680 x 1200,28141939
1-10-2018  11:9:47,1-10-2018  11:9:47,228.28,225.74,227.95,228.63 x 800,228.71 x 1200,28141939
1-10-2018  11:10:3,1-10-2018  11:10:3,228.26,225.74,227.95,228.70 x 800,228.71 x 1200,28141939
1-10-2018  11:10:19,1-10-2018  11:10:19,228.24,225.74,227.95,228.7000 x 800,228.7100 x 1200,28141939
1-10-2018  11:10:35,1-10-2018  11:10:35,228.24,225.74,227.95,228.73 x 800,228.69 x 1200,28141939
1-10-2018  11:10:51,1-10-2018  11:10:51,228.31,225.74,227.95,228.7300 x 800,228.6900 x 1200,28141939
1-10-2018  11:11:7,1-10-2018  11:11:7,228.34,225.74,227.95,228.73 x 800,228.69 x 1200,28141939
1-10-2018  11:11:23,1-10-2018  11:11:23,228.36,225.74,227.95,228.73 x 800,228.75 x 1200,28141939
1-10-2018  11:11:39,1-10-2018  11:11:39,228.35,225.74,227.95,228.78 x 800,228.75 x 1200,28141939
1-10-2018  11:11:55,1-10-2018  11:11:55,228.37,225.74,227.95,228.78 x 800,228.75 x 1200,28141939
1-10-2018  11:12:11,1-10-2018  11:12:11,228.39,225.74,227.95,228.89 x 800,228.88 x 1200,28141939
1-10-2018  11:12:28,1-10-2018  11:12:28,228.42,225.74,227.95,228.89 x 800,228.88 x 1200,28141939
1-10-2018  11:12:44,1-10-2018  11:12:44,228.5005,225.74,227.95,228.8900 x 800,228.8800 x 1200,28141939
1-10-2018  11:13:0,1-10-2018  11:13:0,228.5,225.74,227.95,228.90 x 800,228.89 x 1200,28141939
1-10-2018  11:13:16,1-10-2018  11:13:16,228.5,225.74,227.95,228.900 x 800,228.890 x 1200,28141939
1-10-2018  11:13:33,1-10-2018  11:13:33,228.51,225.74,227.95,228.90 x 800,228.97 x 1200,28141939
1-10-2018  11:13:49,1-10-2018  11:13:49,228.47,225.74,227.95,228.98 x 800,228.97 x 1200,28141939
1-10-2018  11:14:13,1-10-2018  11:14:13,228.51,225.74,227.95,228.98 x 800,228.97 x 1200,28141939
1-10-2018  11:14:29,1-10-2018  11:14:29,228.5,225.74,227.95,228.98 x 800,228.80 x 1200,28141939
1-10-2018  11:14:45,1-10-2018  11:14:45,228.54,225.74,227.95,228.72 x 800,228.80 x 1200,28141939
1-10-2018  11:15:2,1-10-2018  11:15:2,228.55,225.74,227.95,228.72 x 800,228.80 x 1200,28141939
1-10-2018  11:15:18,1-10-2018  11:15:18,228.53,225.74,227.95,228.73 x 800,228.77 x 1200,28141939
1-10-2018  11:15:34,1-10-2018  11:15:34,228.53,225.74,227.95,228.73 x 800,228.77 x 1200,28141939
1-10-2018  11:15:50,1-10-2018  11:15:50,228.47,225.74,227.95,228.73 x 800,228.77 x 1200,28141939
1-10-2018  11:16:6,1-10-2018  11:16:6,228.49,225.74,227.95,228.61 x 800,228.69 x 1200,28141939
1-10-2018  11:16:23,1-10-2018  11:16:23,228.4806,225.74,227.95,228.6100 x 800,228.6900 x 1200,28141939
1-10-2018  11:16:39,1-10-2018  11:16:39,228.4457,225.74,227.95,228.6100 x 800,228.6200 x 1200,28141939
1-10-2018  11:16:55,1-10-2018  11:16:55,228.42,225.74,227.95,228.58 x 800,228.62 x 1200,28141939
1-10-2018  11:17:11,1-10-2018  11:17:11,228.43,225.74,227.95,228.58 x 800,228.62 x 1200,28141939
1-10-2018  11:17:27,1-10-2018  11:17:27,228.5,225.74,227.95,228.58 x 800,228.65 x 1200,28141939
1-10-2018  11:17:44,1-10-2018  11:17:44,228.49,225.74,227.95,228.63 x 800,228.65 x 1200,28141939
1-10-2018  11:18:0,1-10-2018  11:18:0,228.42,225.74,227.95,228.63 x 800,228.65 x 1200,28141939
1-10-2018  11:18:16,1-10-2018  11:18:16,228.43,225.74,227.95,228.63 x 800,228.50 x 1200,28141939
1-10-2018  11:18:33,1-10-2018  11:18:33,228.48,225.74,227.95,228.37 x 800,228.50 x 1200,28141939
1-10-2018  11:18:49,1-10-2018  11:18:49,228.53,225.74,227.95,228.37 x 800,228.50 x 1200,28141939
1-10-2018  11:19:5,1-10-2018  11:19:5,228.5231,225.74,227.95,228.3400 x 800,228.3400 x 1200,28141939
1-10-2018  11:19:21,1-10-2018  11:19:21,228.58,225.74,227.95,228.34 x 800,228.34 x 1200,28141939
1-10-2018  11:19:45,1-10-2018  11:19:45,228.63,225.74,227.95,228.34 x 800,228.40 x 1200,28141939
1-10-2018  11:20:2,1-10-2018  11:20:2,228.6354,225.74,227.95,228.380 x 800,228.400 x 1200,28141939
1-10-2018  11:20:18,1-10-2018  11:20:18,228.7195,225.74,227.95,228.3800 x 800,228.4000 x 1200,28141939
1-10-2018  11:20:33,1-10-2018  11:20:33,228.77,225.74,227.95,228.38 x 800,228.35 x 1200,28141939
1-10-2018  11:20:49,1-10-2018  11:20:49,228.76,225.74,227.95,228.3100 x 800,228.3500 x 1200,28141939
1-10-2018  11:21:6,1-10-2018  11:21:6,228.7506,225.74,227.95,228.3100 x 800,228.3500 x 1200,28141939
1-10-2018  11:21:22,1-10-2018  11:21:22,228.79,225.74,227.95,228.310 x 800,228.400 x 1200,28141939
1-10-2018  11:21:38,1-10-2018  11:21:38,228.78,225.74,227.95,228.3600 x 800,228.4000 x 1200,28141939
1-10-2018  11:21:54,1-10-2018  11:21:54,228.7,225.74,227.95,228.36 x 800,228.40 x 1200,28141939
1-10-2018  11:22:10,1-10-2018  11:22:10,228.68,225.74,227.95,228.36 x 800,228.30 x 1200,28141939
1-10-2018  11:22:26,1-10-2018  11:22:26,228.7333,225.74,227.95,228.2900 x 800,228.3000 x 1200,28141939
1-10-2018  11:22:42,1-10-2018  11:22:42,228.72,225.74,227.95,228.2900 x 800,228.3000 x 1200,28141939
1-10-2018  11:22:58,1-10-2018  11:22:58,228.74,225.74,227.95,228.25 x 800,228.31 x 1200,28141939
1-10-2018  11:23:14,1-10-2018  11:23:14,228.71,225.74,227.95,228.250 x 800,228.310 x 1200,28141939
1-10-2018  11:23:31,1-10-2018  11:23:31,228.69,225.74,227.95,228.25 x 800,228.31 x 1200,28141939
1-10-2018  11:23:47,1-10-2018  11:23:47,228.68,225.74,227.95,228.17 x 800,228.18 x 1200,28141939
1-10-2018  11:24:3,1-10-2018  11:24:3,228.7,225.74,227.95,228.17 x 800,228.18 x 1200,28141939
1-10-2018  11:24:19,1-10-2018  11:24:19,228.65,225.74,227.95,228.170 x 800,228.180 x 1200,28141939
1-10-2018  11:24:36,1-10-2018  11:24:36,228.64,225.74,227.95,228.28 x 800,228.26 x 1200,28141939
1-10-2018  11:24:52,1-10-2018  11:24:52,228.62,225.74,227.95,228.28 x 800,228.26 x 1200,28141939
1-10-2018  11:25:8,1-10-2018  11:25:8,228.5,225.74,227.95,228.28 x 800,228.26 x 1200,28141939
1-10-2018  11:25:24,1-10-2018  11:25:24,228.5032,225.74,227.95,228.2400 x 800,228.2600 x 1200,28141939
1-10-2018  11:25:41,1-10-2018  11:25:41,228.54,225.74,227.95,228.24 x 800,228.26 x 1200,28141939
1-10-2018  11:25:57,1-10-2018  11:25:57,228.5497,225.74,227.95,228.2400 x 800,228.2600 x 1200,28141939
1-10-2018  11:26:13,1-10-2018  11:26:13,228.51,225.74,227.95,228.31 x 800,228.34 x 800,28141939
1-10-2018  11:26:29,1-10-2018  11:26:29,228.48,225.74,227.95,228.31 x 800,228.34 x 800,28141939
1-10-2018  11:26:45,1-10-2018  11:26:45,228.49,225.74,227.95,228.31 x 800,228.34 x 800,28141939
1-10-2018  11:27:1,1-10-2018  11:27:1,228.51,225.74,227.95,228.37 x 800,228.36 x 800,28141939
1-10-2018  11:27:18,1-10-2018  11:27:18,228.56,225.74,227.95,228.37 x 800,228.36 x 800,28141939
1-10-2018  11:27:34,1-10-2018  11:27:34,228.57,225.74,227.95,228.37 x 800,228.43 x 800,28141939
1-10-2018  11:27:50,1-10-2018  11:27:50,228.61,225.74,227.95,228.42 x 800,228.43 x 800,28141939
1-10-2018  11:28:7,1-10-2018  11:28:7,228.58,225.74,227.95,228.42 x 800,228.43 x 800,28141939
1-10-2018  11:28:23,1-10-2018  11:28:23,228.57,225.74,227.95,228.53 x 800,228.53 x 800,28141939
1-10-2018  11:28:39,1-10-2018  11:28:39,228.6,225.74,227.95,228.53 x 800,228.53 x 800,28141939
1-10-2018  11:28:55,1-10-2018  11:28:55,228.54,225.74,227.95,228.5300 x 800,228.5300 x 800,28141939
1-10-2018  11:29:11,1-10-2018  11:29:11,228.55,225.74,227.95,228.5200 x 800,228.5200 x 800,28141939
1-10-2018  11:29:27,1-10-2018  11:29:27,228.5131,225.74,227.95,228.5200 x 800,228.5200 x 800,28141939
1-10-2018  11:29:43,1-10-2018  11:29:43,228.51,225.74,227.95,228.52 x 800,228.52 x 800,28141939
1-10-2018  11:30:0,1-10-2018  11:30:0,228.56,225.74,227.95,228.57 x 800,228.56 x 800,28141939
1-10-2018  11:30:16,1-10-2018  11:30:16,228.59,225.74,227.95,228.5700 x 800,228.5600 x 800,28141939
1-10-2018  11:30:32,1-10-2018  11:30:32,228.57,225.74,227.95,228.57 x 800,228.56 x 800,28141939
1-10-2018  11:30:48,1-10-2018  11:30:48,228.58,225.74,227.95,228.52 x 800,228.55 x 800,28141939
1-10-2018  11:31:5,1-10-2018  11:31:5,228.59,225.74,227.95,228.52 x 800,228.55 x 800,28141939
1-10-2018  11:31:20,1-10-2018  11:31:20,228.61,225.74,227.95,228.52 x 800,228.55 x 800,28141939
1-10-2018  11:31:37,1-10-2018  11:31:37,228.6,225.74,227.95,228.47 x 800,228.50 x 800,28141939
1-10-2018  11:31:53,1-10-2018  11:31:53,228.61,225.74,227.95,228.47 x 800,228.50 x 800,28141939
1-10-2018  11:32:9,1-10-2018  11:32:9,228.62,225.74,227.95,228.47 x 800,228.50 x 800,28141939
1-10-2018  11:32:25,1-10-2018  11:32:25,228.62,225.74,227.95,228.430 x 800,228.440 x 800,28141939
1-10-2018  11:32:41,1-10-2018  11:32:41,228.67,225.74,227.95,228.43 x 800,228.44 x 800,28141939
1-10-2018  11:32:57,1-10-2018  11:32:57,228.65,225.74,227.95,228.43 x 800,228.44 x 800,28141939
1-10-2018  11:33:14,1-10-2018  11:33:14,228.66,225.74,227.95,228.43 x 800,228.43 x 800,28141939
1-10-2018  11:33:30,1-10-2018  11:33:30,228.65,225.74,227.95,228.42 x 800,228.43 x 800,28141939
1-10-2018  11:33:47,1-10-2018  11:33:47,228.68,225.74,227.95,228.42 x 800,228.51 x 800,28141939
1-10-2018  11:34:3,1-10-2018  11:34:3,228.62,225.74,227.95,228.53 x 800,228.51 x 800,28141939
1-10-2018  11:34:19,1-10-2018  11:34:19,228.644,225.74,227.95,228.530 x 800,228.510 x 800,28141939
1-10-2018  11:34:36,1-10-2018  11:34:36,228.68,225.74,227.95,228.53 x 800,228.58 x 800,28141939
1-10-2018  11:34:53,1-10-2018  11:34:53,228.67,225.74,227.95,228.56 x 800,228.58 x 800,28141939
1-10-2018  11:35:9,1-10-2018  11:35:9,228.62,225.74,227.95,228.56 x 800,228.58 x 800,28141939
1-10-2018  11:35:25,1-10-2018  11:35:25,228.73,225.74,227.95,228.72 x 800,228.71 x 800,28141939
1-10-2018  11:35:41,1-10-2018  11:35:41,228.78,225.74,227.95,228.72 x 800,228.71 x 800,28141939
1-10-2018  11:35:57,1-10-2018  11:35:57,228.75,225.74,227.95,228.72 x 800,228.71 x 800,28141939
1-10-2018  11:36:13,1-10-2018  11:36:13,228.74,225.74,227.95,228.75 x 800,228.76 x 800,28141939
1-10-2018  11:36:29,1-10-2018  11:36:29,228.79,225.74,227.95,228.75 x 800,228.76 x 800,28141939
1-10-2018  11:36:45,1-10-2018  11:36:45,228.72,225.74,227.95,228.75 x 800,228.76 x 800,28141939
1-10-2018  11:37:2,1-10-2018  11:37:2,228.68,225.74,227.95,228.69 x 800,228.71 x 800,28141939
1-10-2018  11:37:18,1-10-2018  11:37:18,228.77,225.74,227.95,228.69 x 800,228.71 x 800,28141939
1-10-2018  11:37:34,1-10-2018  11:37:34,228.76,225.74,227.95,228.69 x 800,228.71 x 800,28141939
1-10-2018  11:37:50,1-10-2018  11:37:50,228.78,225.74,227.95,228.710 x 800,228.730 x 800,28141939
1-10-2018  11:38:6,1-10-2018  11:38:6,228.76,225.74,227.95,228.71 x 800,228.73 x 800,28141939
1-10-2018  11:38:22,1-10-2018  11:38:22,228.79,225.74,227.95,228.71 x 800,228.73 x 800,28141939
1-10-2018  11:38:39,1-10-2018  11:38:39,228.77,225.74,227.95,228.6900 x 800,228.7100 x 800,28141939
1-10-2018  11:38:55,1-10-2018  11:38:55,228.7774,225.74,227.95,228.69 x 800,228.71 x 800,28141939
1-10-2018  11:39:11,1-10-2018  11:39:11,228.78,225.74,227.95,228.69 x 800,228.71 x 800,28141939
1-10-2018  11:39:27,1-10-2018  11:39:27,228.77,225.74,227.95,228.690 x 800,228.710 x 800,28141939
1-10-2018  11:39:43,1-10-2018  11:39:43,228.81,225.74,227.95,228.65 x 800,228.65 x 800,28141939
1-10-2018  11:39:59,1-10-2018  11:39:59,228.84,225.74,227.95,228.6500 x 800,228.6500 x 800,28141939
1-10-2018  11:40:16,1-10-2018  11:40:16,228.84,225.74,227.95,228.6300 x 800,228.5900 x 800,28141939
1-10-2018  11:40:32,1-10-2018  11:40:32,228.89,225.74,227.95,228.63 x 800,228.59 x 800,28141939
1-10-2018  11:40:48,1-10-2018  11:40:48,228.87,225.74,227.95,228.63 x 800,228.59 x 800,28141939
1-10-2018  11:41:4,1-10-2018  11:41:4,228.84,225.74,227.95,228.63 x 800,228.59 x 800,28141939
1-10-2018  11:41:21,1-10-2018  11:41:21,228.89,225.74,227.95,228.5200 x 800,228.5400 x 800,28141939
1-10-2018  11:41:37,1-10-2018  11:41:37,228.86,225.74,227.95,228.52 x 800,228.54 x 800,28141939
1-10-2018  11:41:53,1-10-2018  11:41:53,228.88,225.74,227.95,228.48 x 800,228.51 x 800,28141939
1-10-2018  11:42:9,1-10-2018  11:42:9,228.825,225.74,227.95,228.480 x 800,228.510 x 800,28141939
1-10-2018  11:42:25,1-10-2018  11:42:25,228.828,225.74,227.95,228.53 x 800,228.51 x 800,28141939
1-10-2018  11:42:42,1-10-2018  11:42:42,228.82,225.74,227.95,228.53 x 800,228.54 x 800,28141939
1-10-2018  11:42:58,1-10-2018  11:42:58,228.83,225.74,227.95,228.53 x 800,228.54 x 800,28141939
1-10-2018  11:43:14,1-10-2018  11:43:14,228.82,225.74,227.95,228.55 x 800,228.54 x 800,28141939
1-10-2018  11:43:30,1-10-2018  11:43:30,228.83,225.74,227.95,228.55 x 800,228.59 x 800,28141939
1-10-2018  11:43:46,1-10-2018  11:43:46,228.87,225.74,227.95,228.55 x 800,228.59 x 800,28141939
1-10-2018  11:44:2,1-10-2018  11:44:2,228.87,225.74,227.95,228.53 x 800,228.59 x 800,28141939
1-10-2018  11:44:18,1-10-2018  11:44:18,228.87,225.74,227.95,228.530 x 800,228.570 x 800,28141939
1-10-2018  11:44:34,1-10-2018  11:44:34,228.82,225.74,227.95,228.53 x 800,228.57 x 800,28141939
1-10-2018  11:44:50,1-10-2018  11:44:50,228.845,225.74,227.95,228.490 x 800,228.570 x 800,28141939
1-10-2018  11:45:7,1-10-2018  11:45:7,228.79,225.74,227.95,228.4900 x 800,228.5300 x 800,28141939
1-10-2018  11:45:23,1-10-2018  11:45:23,228.83,225.74,227.95,228.49 x 800,228.53 x 800,28141939
1-10-2018  11:45:39,1-10-2018  11:45:39,228.83,225.74,227.95,228.580 x 800,228.590 x 800,28141939
1-10-2018  11:45:55,1-10-2018  11:45:55,228.82,225.74,227.95,228.58 x 800,228.59 x 800,28141939
1-10-2018  11:46:11,1-10-2018  11:46:11,228.778,225.74,227.95,228.580 x 800,228.590 x 800,28141939
1-10-2018  11:46:28,1-10-2018  11:46:28,228.82,225.74,227.95,228.61 x 800,228.62 x 800,28141939
1-10-2018  11:46:44,1-10-2018  11:46:44,228.7838,225.74,227.95,228.61 x 800,228.62 x 800,28141939
1-10-2018  11:47:0,1-10-2018  11:47:0,228.8,225.74,227.95,228.61 x 800,228.62 x 800,28141939
1-10-2018  11:47:16,1-10-2018  11:47:16,228.81,225.74,227.95,228.62 x 800,228.64 x 800,28141939
1-10-2018  11:47:32,1-10-2018  11:47:32,228.81,225.74,227.95,228.62 x 800,228.64 x 800,28141939
1-10-2018  11:47:49,1-10-2018  11:47:49,228.82,225.74,227.95,228.62 x 800,228.64 x 800,28141939
1-10-2018  11:48:5,1-10-2018  11:48:5,228.81,225.74,227.95,228.64 x 800,228.66 x 800,28141939
1-10-2018  11:48:21,1-10-2018  11:48:21,228.83,225.74,227.95,228.64 x 800,228.66 x 800,28141939
1-10-2018  11:48:38,1-10-2018  11:48:38,228.82,225.74,227.95,228.64 x 800,228.66 x 800,28141939
1-10-2018  11:48:54,1-10-2018  11:48:54,228.84,225.74,227.95,228.68 x 800,228.69 x 800,28141939
1-10-2018  11:49:10,1-10-2018  11:49:10,228.84,225.74,227.95,228.68 x 800,228.69 x 800,28141939
1-10-2018  11:49:26,1-10-2018  11:49:26,228.845,225.74,227.95,228.680 x 800,228.690 x 800,28141939
1-10-2018  11:49:43,1-10-2018  11:49:43,228.8532,225.74,227.95,228.6300 x 800,228.6600 x 800,28141939
1-10-2018  11:49:59,1-10-2018  11:49:59,228.81,225.74,227.95,228.63 x 800,228.66 x 800,28141939
1-10-2018  11:50:15,1-10-2018  11:50:15,228.82,225.74,227.95,228.63 x 800,228.66 x 800,28141939
1-10-2018  11:50:31,1-10-2018  11:50:31,228.84,225.74,227.95,228.65 x 800,228.66 x 800,28141939
1-10-2018  11:50:47,1-10-2018  11:50:47,228.8398,225.74,227.95,228.6500 x 800,228.6600 x 800,28141939
1-10-2018  11:51:3,1-10-2018  11:51:3,228.83,225.74,227.95,228.74 x 800,228.74 x 800,28141939
1-10-2018  11:51:19,1-10-2018  11:51:19,228.85,225.74,227.95,228.74 x 800,228.74 x 800,28141939
1-10-2018  11:51:36,1-10-2018  11:51:36,228.86,225.74,227.95,228.74 x 800,228.74 x 800,28141939
1-10-2018  11:51:52,1-10-2018  11:51:52,228.86,225.74,227.95,228.72 x 800,228.71 x 800,28141939
1-10-2018  11:52:8,1-10-2018  11:52:8,228.85,225.74,227.95,228.72 x 800,228.71 x 800,28141939
1-10-2018  11:52:24,1-10-2018  11:52:24,228.83,225.74,227.95,228.7200 x 800,228.7100 x 800,28141939
1-10-2018  11:52:40,1-10-2018  11:52:40,228.825,225.74,227.95,228.760 x 800,228.770 x 800,28141939
1-10-2018  11:52:57,1-10-2018  11:52:57,228.82,225.74,227.95,228.76 x 800,228.77 x 800,28141939
1-10-2018  11:53:13,1-10-2018  11:53:13,228.81,225.74,227.95,228.760 x 800,228.770 x 800,28141939
1-10-2018  11:53:29,1-10-2018  11:53:29,228.82,225.74,227.95,228.75 x 800,228.78 x 800,28141939
1-10-2018  11:53:46,1-10-2018  11:53:46,228.83,225.74,227.95,228.75 x 800,228.78 x 800,28141939
1-10-2018  11:54:2,1-10-2018  11:54:2,228.77,225.74,227.95,228.75 x 800,228.78 x 800,28141939
1-10-2018  11:54:18,1-10-2018  11:54:18,228.73,225.74,227.95,228.77 x 800,228.80 x 800,28141939
1-10-2018  11:54:34,1-10-2018  11:54:34,228.61,225.74,227.95,228.77 x 800,228.80 x 800,28141939
1-10-2018  11:54:50,1-10-2018  11:54:50,228.4637,225.74,227.95,228.7700 x 800,228.8000 x 800,28141939
1-10-2018  11:55:6,1-10-2018  11:55:6,228.51,225.74,227.95,228.81 x 800,228.83 x 800,28141939
1-10-2018  11:55:23,1-10-2018  11:55:23,228.49,225.74,227.95,228.81 x 800,228.83 x 800,28141939
1-10-2018  11:55:39,1-10-2018  11:55:39,228.528,225.74,227.95,228.81 x 800,228.83 x 800,28141939
1-10-2018  11:55:55,1-10-2018  11:55:55,228.52,225.74,227.95,228.89 x 800,228.92 x 800,28141939
1-10-2018  11:56:11,1-10-2018  11:56:11,228.49,225.74,227.95,228.89 x 800,228.92 x 800,28141939
1-10-2018  11:56:27,1-10-2018  11:56:27,228.52,225.74,227.95,228.89 x 800,228.92 x 800,28141939
1-10-2018  11:56:43,1-10-2018  11:56:43,228.55,225.74,227.95,228.87 x 800,228.88 x 800,28141939
1-10-2018  11:57:0,1-10-2018  11:57:0,228.58,225.74,227.95,228.87 x 800,228.88 x 800,28141939
1-10-2018  11:57:16,1-10-2018  11:57:16,228.66,225.74,227.95,228.82 x 800,228.82 x 800,28141939
1-10-2018  11:57:32,1-10-2018  11:57:32,228.69,225.74,227.95,228.82 x 800,228.82 x 800,28141939
1-10-2018  11:58:1,1-10-2018  11:58:1,228.8,225.74,227.95,228.83 x 800,228.82 x 800,28141939
1-10-2018  11:58:18,1-10-2018  11:58:18,228.84,225.74,227.95,228.83 x 800,228.83 x 800,28141939
1-10-2018  11:58:34,1-10-2018  11:58:34,228.86,225.74,227.95,228.830 x 800,228.830 x 800,28141939
1-10-2018  11:58:50,1-10-2018  11:58:50,228.85,225.74,227.95,228.8500 x 800,228.8300 x 800,28141939
1-10-2018  11:59:6,1-10-2018  11:59:6,228.88,225.74,227.95,228.85 x 800,228.89 x 800,28141939
1-10-2018  11:59:22,1-10-2018  11:59:22,228.86,225.74,227.95,228.85 x 800,228.89 x 800,28141939
1-10-2018  11:59:39,1-10-2018  11:59:39,228.81,225.74,227.95,228.82 x 800,228.89 x 800,28141939
1-10-2018  11:59:55,1-10-2018  11:59:55,228.79,225.74,227.95,228.82 x 800,228.85 x 800,28141939
1-10-2018  12:0:11,1-10-2018  12:0:11,228.77,225.74,227.95,228.8200 x 800,228.8500 x 800,28141939
1-10-2018  12:0:27,1-10-2018  12:0:27,228.725,225.74,227.95,228.820 x 800,228.850 x 800,28141939
1-10-2018  12:0:43,1-10-2018  12:0:43,228.75,225.74,227.95,228.820 x 800,228.850 x 800,28141939
1-10-2018  12:0:59,1-10-2018  12:0:59,228.7,225.74,227.95,228.82 x 800,228.84 x 800,28141939
1-10-2018  12:1:15,1-10-2018  12:1:15,228.69,225.74,227.95,228.80 x 800,228.84 x 800,28141939
1-10-2018  12:1:31,1-10-2018  12:1:31,228.63,225.74,227.95,228.80 x 800,228.82 x 800,28141939
1-10-2018  12:1:47,1-10-2018  12:1:47,228.69,225.74,227.95,228.80 x 800,228.82 x 800,28141939
1-10-2018  12:2:3,1-10-2018  12:2:3,228.69,225.74,227.95,228.80 x 800,228.82 x 800,28141939
1-10-2018  12:2:20,1-10-2018  12:2:20,228.71,225.74,227.95,228.80 x 800,228.84 x 800,28141939
1-10-2018  12:2:36,1-10-2018  12:2:36,228.6186,225.74,227.95,228.80 x 800,228.84 x 800,28141939
1-10-2018  12:2:53,1-10-2018  12:2:53,228.64,225.74,227.95,228.80 x 800,228.84 x 800,28141939
1-10-2018  12:3:9,1-10-2018  12:3:9,228.62,225.74,227.95,228.80 x 800,228.82 x 800,28141939
1-10-2018  12:3:26,1-10-2018  12:3:26,228.71,225.74,227.95,228.80 x 800,228.82 x 800,28141939
1-10-2018  12:3:42,1-10-2018  12:3:42,228.74,225.74,227.95,228.82 x 800,228.82 x 800,28141939
1-10-2018  12:3:58,1-10-2018  12:3:58,228.64,225.74,227.95,228.82 x 800,228.84 x 800,28141939
1-10-2018  12:4:14,1-10-2018  12:4:14,228.66,225.74,227.95,228.82 x 800,228.84 x 800,28141939
1-10-2018  12:4:31,1-10-2018  12:4:31,228.69,225.74,227.95,228.85 x 800,228.84 x 800,28141939
1-10-2018  12:4:47,1-10-2018  12:4:47,228.73,225.74,227.95,228.85 x 800,228.84 x 800,28141939
1-10-2018  12:5:3,1-10-2018  12:5:3,228.73,225.74,227.95,228.83 x 800,228.85 x 1200,28141939
1-10-2018  12:5:19,1-10-2018  12:5:19,228.69,225.74,227.95,228.83 x 800,228.85 x 1200,28141939
1-10-2018  12:5:35,1-10-2018  12:5:35,228.6699,225.74,227.95,228.8300 x 800,228.8500 x 1200,28141939
1-10-2018  12:5:52,1-10-2018  12:5:52,228.67,225.74,227.95,228.8300 x 800,228.8200 x 1200,28141939
1-10-2018  12:6:9,1-10-2018  12:6:9,228.611,225.74,227.95,228.820 x 800,228.820 x 1200,28141939
1-10-2018  12:6:26,1-10-2018  12:6:26,228.62,225.74,227.95,228.8200 x 800,228.8200 x 1200,28141939
1-10-2018  12:6:42,1-10-2018  12:6:42,228.63,225.74,227.95,228.84 x 800,228.86 x 1100,28141939
1-10-2018  12:6:58,1-10-2018  12:6:58,228.6,225.74,227.95,228.84 x 800,228.86 x 1100,28141939
1-10-2018  12:7:14,1-10-2018  12:7:14,228.63,225.74,227.95,228.84 x 800,228.86 x 1100,28141939
1-10-2018  12:7:31,1-10-2018  12:7:31,228.58,225.74,227.95,228.84 x 800,228.86 x 1100,28141939
1-10-2018  12:7:47,1-10-2018  12:7:47,228.62,225.74,227.95,228.82 x 800,228.83 x 1100,28141939
1-10-2018  12:8:3,1-10-2018  12:8:3,228.64,225.74,227.95,228.82 x 800,228.83 x 1100,28141939
1-10-2018  12:8:19,1-10-2018  12:8:19,228.62,225.74,227.95,228.82 x 800,228.83 x 1100,28141939
1-10-2018  12:8:35,1-10-2018  12:8:35,228.64,225.74,227.95,228.80 x 800,228.81 x 800,28141939
1-10-2018  12:8:51,1-10-2018  12:8:51,228.63,225.74,227.95,228.80 x 800,228.81 x 800,28141939
1-10-2018  12:9:7,1-10-2018  12:9:7,228.6,225.74,227.95,228.80 x 800,228.81 x 800,28141939
1-10-2018  12:9:23,1-10-2018  12:9:23,228.52,225.74,227.95,228.73 x 800,228.75 x 1000,28141939
1-10-2018  12:9:39,1-10-2018  12:9:39,228.57,225.74,227.95,228.73 x 800,228.75 x 1000,28141939
1-10-2018  12:9:55,1-10-2018  12:9:55,228.54,225.74,227.95,228.5000 x 800,228.5200 x 1000,28141939
1-10-2018  12:10:11,1-10-2018  12:10:11,228.58,225.74,227.95,228.50 x 800,228.52 x 1000,28141939
1-10-2018  12:10:27,1-10-2018  12:10:27,228.57,225.74,227.95,228.50 x 800,228.52 x 1000,28141939
1-10-2018  12:10:51,1-10-2018  12:10:51,228.55,225.74,227.95,228.50 x 800,228.51 x 1000,28141939
1-10-2018  12:11:7,1-10-2018  12:11:7,228.55,225.74,227.95,228.50 x 800,228.51 x 1000,28141939
1-10-2018  12:11:23,1-10-2018  12:11:23,228.4768,225.74,227.95,228.5000 x 800,228.5100 x 1000,28141939
1-10-2018  12:11:40,1-10-2018  12:11:40,228.479,225.74,227.95,228.4900 x 800,228.5000 x 1000,28141939
1-10-2018  12:11:56,1-10-2018  12:11:56,228.51,225.74,227.95,228.49 x 800,228.50 x 1000,28141939
1-10-2018  12:12:12,1-10-2018  12:12:12,228.5299,225.74,227.95,228.6100 x 800,228.6400 x 1000,28141939
1-10-2018  12:12:28,1-10-2018  12:12:28,228.54,225.74,227.95,228.610 x 800,228.640 x 1000,28141939
1-10-2018  12:12:44,1-10-2018  12:12:44,228.53,225.74,227.95,228.6100 x 800,228.6400 x 1000,28141939
1-10-2018  12:13:0,1-10-2018  12:13:0,228.51,225.74,227.95,228.76 x 800,228.76 x 1000,28141939
1-10-2018  12:13:16,1-10-2018  12:13:16,228.52,225.74,227.95,228.76 x 800,228.76 x 1000,28141939
1-10-2018  12:13:32,1-10-2018  12:13:32,228.55,225.74,227.95,228.76 x 800,228.76 x 1000,28141939
1-10-2018  12:13:49,1-10-2018  12:13:49,228.51,225.74,227.95,228.76 x 800,228.76 x 1000,28141939
1-10-2018  12:14:5,1-10-2018  12:14:5,228.48,225.74,227.95,228.84 x 800,228.85 x 1000,28141939
1-10-2018  12:14:21,1-10-2018  12:14:21,228.48,225.74,227.95,228.84 x 800,228.85 x 1000,28141939
1-10-2018  12:14:37,1-10-2018  12:14:37,228.5,225.74,227.95,228.81 x 800,228.81 x 1000,28141939
1-10-2018  12:14:53,1-10-2018  12:14:53,228.5258,225.74,227.95,228.8100 x 800,228.8100 x 1000,28141939
1-10-2018  12:15:9,1-10-2018  12:15:9,228.47,225.74,227.95,228.81 x 800,228.81 x 1000,28141939
1-10-2018  12:15:25,1-10-2018  12:15:25,228.5,225.74,227.95,228.81 x 800,228.81 x 1000,28141939
1-10-2018  12:15:40,1-10-2018  12:15:40,228.48,225.74,227.95,228.750 x 800,228.760 x 1000,28141939
1-10-2018  12:15:56,1-10-2018  12:15:56,228.48,225.74,227.95,228.75 x 800,228.76 x 1000,28141939
1-10-2018  12:16:13,1-10-2018  12:16:13,228.51,225.74,227.95,228.70 x 800,228.72 x 1000,28141939
1-10-2018  12:16:29,1-10-2018  12:16:29,228.4721,225.74,227.95,228.7000 x 800,228.7200 x 1000,28141939
1-10-2018  12:16:45,1-10-2018  12:16:45,228.4899,225.74,227.95,228.7000 x 800,228.7200 x 1000,28141939
1-10-2018  12:17:1,1-10-2018  12:17:1,228.46,225.74,227.95,228.69 x 800,228.72 x 800,28141939
1-10-2018  12:17:17,1-10-2018  12:17:17,228.5,225.74,227.95,228.69 x 800,228.70 x 800,28141939
1-10-2018  12:17:33,1-10-2018  12:17:33,228.55,225.74,227.95,228.6900 x 800,228.7000 x 800,28141939
1-10-2018  12:17:49,1-10-2018  12:17:49,228.54,225.74,227.95,228.60 x 1200,228.61 x 800,28141939
1-10-2018  12:18:5,1-10-2018  12:18:5,228.53,225.74,227.95,228.60 x 1200,228.61 x 800,28141939
1-10-2018  12:18:22,1-10-2018  12:18:22,228.52,225.74,227.95,228.60 x 1200,228.61 x 800,28141939
1-10-2018  12:18:38,1-10-2018  12:18:38,228.51,225.74,227.95,228.720 x 1200,228.610 x 800,28141939
1-10-2018  12:18:54,1-10-2018  12:18:54,228.5,225.74,227.95,228.72 x 1200,228.74 x 800,28141939
1-10-2018  12:19:10,1-10-2018  12:19:10,228.5,225.74,227.95,228.72 x 1200,228.74 x 800,28141939
1-10-2018  12:19:26,1-10-2018  12:19:26,228.47,225.74,227.95,228.66 x 1200,228.74 x 800,28141939
1-10-2018  12:19:42,1-10-2018  12:19:42,228.463,225.74,227.95,228.6600 x 1200,228.6900 x 800,28141939
1-10-2018  12:19:58,1-10-2018  12:19:58,228.51,225.74,227.95,228.66 x 1200,228.69 x 800,28141939
1-10-2018  12:20:14,1-10-2018  12:20:14,228.42,225.74,227.95,228.71 x 1200,228.73 x 800,28141939
1-10-2018  12:20:30,1-10-2018  12:20:30,228.4,225.74,227.95,228.71 x 1200,228.73 x 800,28141939
1-10-2018  12:20:46,1-10-2018  12:20:46,228.35,225.74,227.95,228.7100 x 1200,228.7300 x 800,28141939
1-10-2018  12:21:2,1-10-2018  12:21:2,228.17,225.74,227.95,228.68 x 1200,228.66 x 800,28141939
1-10-2018  12:21:19,1-10-2018  12:21:19,227.99,225.74,227.95,228.68 x 1200,228.66 x 800,28141939
1-10-2018  12:21:35,1-10-2018  12:21:35,227.97,225.74,227.95,228.68 x 1200,228.66 x 800,28141939
1-10-2018  12:21:50,1-10-2018  12:21:50,228.02,225.74,227.95,228.64 x 1200,228.62 x 800,28141939
1-10-2018  12:22:7,1-10-2018  12:22:7,228.05200000000002,225.74,227.95,228.640 x 1200,228.620 x 800,28141939
1-10-2018  12:22:23,1-10-2018  12:22:23,228.12,225.74,227.95,228.6400 x 1200,228.6200 x 800,28141939
1-10-2018  12:22:39,1-10-2018  12:22:39,228.12,225.74,227.95,228.63 x 1200,228.63 x 800,28141939
1-10-2018  12:22:55,1-10-2018  12:22:55,228.125,225.74,227.95,228.630 x 1200,228.630 x 800,28141939
1-10-2018  12:23:11,1-10-2018  12:23:11,228.1,225.74,227.95,228.63 x 1200,228.63 x 800,28141939
1-10-2018  12:23:27,1-10-2018  12:23:27,228.1384,225.74,227.95,228.62 x 1200,228.62 x 800,28141939
1-10-2018  12:23:44,1-10-2018  12:23:44,228.09,225.74,227.95,228.62 x 1200,228.62 x 800,28141939
1-10-2018  12:24:0,1-10-2018  12:24:0,228.15,225.74,227.95,228.62 x 1200,228.62 x 800,28141939
1-10-2018  12:24:16,1-10-2018  12:24:16,228.11,225.74,227.95,228.63 x 1200,228.65 x 800,28141939
1-10-2018  12:24:32,1-10-2018  12:24:32,228.1,225.74,227.95,228.6300 x 1200,228.6500 x 800,28141939
1-10-2018  12:24:49,1-10-2018  12:24:49,228.08,225.74,227.95,228.63 x 1200,228.65 x 800,28141939
1-10-2018  12:25:4,1-10-2018  12:25:4,228.1032,225.74,227.95,228.5400 x 1200,228.5500 x 800,28141939
1-10-2018  12:25:20,1-10-2018  12:25:20,228.08,225.74,227.95,228.5400 x 1200,228.5500 x 800,28141939
1-10-2018  12:25:37,1-10-2018  12:25:37,228.1038,225.74,227.95,228.5800 x 1200,228.5500 x 800,28141939
1-10-2018  12:25:53,1-10-2018  12:25:53,228.13,225.74,227.95,228.58 x 1200,228.58 x 800,28141939
1-10-2018  12:26:9,1-10-2018  12:26:9,228.13,225.74,227.95,228.5800 x 1200,228.5800 x 800,28141939
1-10-2018  12:26:26,1-10-2018  12:26:26,228.11,225.74,227.95,228.50 x 1200,228.49 x 800,28141939
1-10-2018  12:26:42,1-10-2018  12:26:42,228.08,225.74,227.95,228.50 x 1200,228.49 x 800,28141939
1-10-2018  12:26:58,1-10-2018  12:26:58,228.06,225.74,227.95,228.50 x 1200,228.49 x 800,28141939
1-10-2018  12:27:14,1-10-2018  12:27:14,228.07,225.74,227.95,228.52 x 1200,228.53 x 800,28141939
1-10-2018  12:27:31,1-10-2018  12:27:31,228.0841,225.74,227.95,228.5200 x 1200,228.5300 x 800,28141939
1-10-2018  12:27:47,1-10-2018  12:27:47,228.0783,225.74,227.95,228.5200 x 1200,228.5300 x 800,28141939
1-10-2018  12:28:3,1-10-2018  12:28:3,228.055,225.74,227.95,228.510 x 1200,228.520 x 800,28141939
1-10-2018  12:28:20,1-10-2018  12:28:20,227.95,225.74,227.95,228.51 x 1200,228.52 x 800,28141939
1-10-2018  12:28:36,1-10-2018  12:28:36,227.959,225.74,227.95,228.5100 x 1200,228.5200 x 800,28141939
1-10-2018  12:28:52,1-10-2018  12:28:52,227.92,225.74,227.95,228.500 x 1200,228.510 x 800,28141939
1-10-2018  12:29:8,1-10-2018  12:29:8,227.96,225.74,227.95,228.5000 x 1200,228.5100 x 800,28141939
1-10-2018  12:29:24,1-10-2018  12:29:24,227.88,225.74,227.95,228.5000 x 1200,228.5100 x 800,28141939
1-10-2018  12:29:40,1-10-2018  12:29:40,227.89,225.74,227.95,228.52 x 1200,228.54 x 800,28141939
1-10-2018  12:29:56,1-10-2018  12:29:56,227.9,225.74,227.95,228.52 x 1200,228.54 x 800,28141939
1-10-2018  12:30:13,1-10-2018  12:30:13,227.9199,225.74,227.95,228.520 x 1200,228.540 x 800,28141939
1-10-2018  12:30:29,1-10-2018  12:30:29,227.9172,225.74,227.95,228.4400 x 1200,228.4500 x 800,28141939
1-10-2018  12:30:45,1-10-2018  12:30:45,227.81,225.74,227.95,228.4400 x 1200,228.4500 x 800,28141939
1-10-2018  12:31:1,1-10-2018  12:31:1,227.85,225.74,227.95,228.4400 x 1200,228.4500 x 800,28141939
1-10-2018  12:31:17,1-10-2018  12:31:17,227.83,225.74,227.95,228.49 x 1200,228.50 x 800,28141939
1-10-2018  12:31:33,1-10-2018  12:31:33,227.84,225.74,227.95,228.49 x 1200,228.50 x 800,28141939
1-10-2018  12:31:49,1-10-2018  12:31:49,227.84,225.74,227.95,228.49 x 1200,228.50 x 800,28141939
1-10-2018  12:32:5,1-10-2018  12:32:5,227.8,225.74,227.95,228.49 x 1200,228.50 x 800,28141939
1-10-2018  12:32:22,1-10-2018  12:32:22,227.8074,225.74,227.95,228.49 x 1200,228.50 x 800,28141939
1-10-2018  12:32:38,1-10-2018  12:32:38,227.885,225.74,227.95,228.5500 x 1200,228.5600 x 800,28141939
1-10-2018  12:32:54,1-10-2018  12:32:54,227.99,225.74,227.95,228.5500 x 1200,228.5600 x 800,28141939
1-10-2018  12:33:10,1-10-2018  12:33:10,228.03,225.74,227.95,228.55 x 1200,228.56 x 800,28141939
1-10-2018  12:33:26,1-10-2018  12:33:26,227.9635,225.74,227.95,228.5500 x 1200,228.5600 x 800,28141939
1-10-2018  12:33:42,1-10-2018  12:33:42,228.03,225.74,227.95,228.500 x 1200,228.510 x 800,28141939
1-10-2018  12:33:58,1-10-2018  12:33:58,227.94,225.74,227.95,228.50 x 1200,228.51 x 800,28141939
1-10-2018  12:34:14,1-10-2018  12:34:14,227.935,225.74,227.95,228.500 x 1200,228.510 x 800,28141939
1-10-2018  12:34:30,1-10-2018  12:34:30,227.93,225.74,227.95,228.50 x 1200,228.50 x 1000,28141939
1-10-2018  12:34:47,1-10-2018  12:34:47,227.95,225.74,227.95,228.50 x 1200,228.50 x 1000,28141939
1-10-2018  12:35:3,1-10-2018  12:35:3,228.0,225.74,227.95,228.50 x 1200,228.50 x 1000,28141939
1-10-2018  12:35:19,1-10-2018  12:35:19,228.07,225.74,227.95,228.51 x 1200,228.51 x 1000,28141939
1-10-2018  12:35:35,1-10-2018  12:35:35,228.0269,225.74,227.95,228.51 x 1200,228.51 x 1000,28141939
1-10-2018  12:35:51,1-10-2018  12:35:51,228.02,225.74,227.95,228.3500 x 1200,228.3500 x 1000,28141939
1-10-2018  12:36:7,1-10-2018  12:36:7,228.05,225.74,227.95,228.35 x 1200,228.35 x 1000,28141939
1-10-2018  12:36:23,1-10-2018  12:36:23,228.05,225.74,227.95,228.35 x 1200,228.35 x 1000,28141939
1-10-2018  12:36:39,1-10-2018  12:36:39,228.08,225.74,227.95,227.960 x 1200,227.980 x 1000,28141939
1-10-2018  12:36:55,1-10-2018  12:36:55,228.05,225.74,227.95,227.96 x 1200,227.98 x 1000,28141939
1-10-2018  12:37:11,1-10-2018  12:37:11,228.05,225.74,227.95,227.96 x 1200,227.98 x 1000,28141939
1-10-2018  12:37:27,1-10-2018  12:37:27,228.06,225.74,227.95,228.08 x 1200,228.09 x 1000,28141939
1-10-2018  12:37:43,1-10-2018  12:37:43,227.99,225.74,227.95,228.08 x 1200,228.09 x 1000,28141939
1-10-2018  12:37:59,1-10-2018  12:37:59,227.98,225.74,227.95,228.08 x 1200,228.09 x 1000,28141939
1-10-2018  12:38:15,1-10-2018  12:38:15,228.03,225.74,227.95,228.10 x 1200,228.11 x 1000,28141939
1-10-2018  12:38:32,1-10-2018  12:38:32,228.0496,225.74,227.95,228.100 x 1200,228.110 x 1000,28141939
1-10-2018  12:38:48,1-10-2018  12:38:48,228.07,225.74,227.95,228.10 x 1200,228.11 x 1000,28141939
1-10-2018  12:39:5,1-10-2018  12:39:5,228.05,225.74,227.95,228.1200 x 1200,228.1400 x 1000,28141939
1-10-2018  12:39:21,1-10-2018  12:39:21,228.07,225.74,227.95,228.12 x 1200,228.14 x 1000,28141939
1-10-2018  12:39:37,1-10-2018  12:39:37,228.05,225.74,227.95,228.12 x 1200,228.14 x 1000,28141939
1-10-2018  12:39:53,1-10-2018  12:39:53,228.06,225.74,227.95,228.1000 x 1200,228.1000 x 1000,28141939
1-10-2018  12:40:9,1-10-2018  12:40:9,228.13,225.74,227.95,228.10 x 1200,228.10 x 1000,28141939
1-10-2018  12:40:25,1-10-2018  12:40:25,228.11,225.74,227.95,228.10 x 1200,228.10 x 1000,28141939
1-10-2018  12:40:41,1-10-2018  12:40:41,228.12,225.74,227.95,228.09 x 1200,228.12 x 1000,28141939
1-10-2018  12:40:57,1-10-2018  12:40:57,227.99,225.74,227.95,228.09 x 1200,228.12 x 1000,28141939
1-10-2018  12:41:14,1-10-2018  12:41:14,227.87,225.74,227.95,228.09 x 1200,228.12 x 1000,28141939
1-10-2018  12:41:30,1-10-2018  12:41:30,227.9,225.74,227.95,228.110 x 1200,228.120 x 1000,28141939
1-10-2018  12:41:46,1-10-2018  12:41:46,227.9945,225.74,227.95,228.1100 x 1200,228.1200 x 1000,28141939
1-10-2018  12:42:2,1-10-2018  12:42:2,228.03,225.74,227.95,228.11 x 1200,228.12 x 1000,28141939
1-10-2018  12:42:19,1-10-2018  12:42:19,227.99,225.74,227.95,228.06 x 1100,228.07 x 1000,28141939
1-10-2018  12:42:35,1-10-2018  12:42:35,228.01,225.74,227.95,228.060 x 1100,228.070 x 1000,28141939
1-10-2018  12:42:50,1-10-2018  12:42:50,228.0125,225.74,227.95,228.0600 x 1100,228.0700 x 1000,28141939
1-10-2018  12:43:7,1-10-2018  12:43:7,227.93,225.74,227.95,228.05 x 1100,228.08 x 900,28141939
1-10-2018  12:43:23,1-10-2018  12:43:23,227.99,225.74,227.95,228.05 x 1100,228.08 x 900,28141939
1-10-2018  12:43:39,1-10-2018  12:43:39,227.96,225.74,227.95,228.05 x 1100,228.08 x 900,28141939
1-10-2018  12:43:55,1-10-2018  12:43:55,227.9,225.74,227.95,227.94 x 1100,227.95 x 900,28141939
1-10-2018  12:44:11,1-10-2018  12:44:11,227.8,225.74,227.95,227.94 x 1100,227.95 x 900,28141939
1-10-2018  12:44:27,1-10-2018  12:44:27,227.72,225.74,227.95,227.940 x 1100,227.950 x 900,28141939
1-10-2018  12:44:43,1-10-2018  12:44:43,227.6646,225.74,227.95,227.88 x 1100,227.90 x 900,28141939
1-10-2018  12:44:59,1-10-2018  12:44:59,227.72,225.74,227.95,227.88 x 1100,227.90 x 900,28141939
1-10-2018  12:45:16,1-10-2018  12:45:16,227.7,225.74,227.95,227.88 x 1100,227.90 x 900,28141939
1-10-2018  12:45:32,1-10-2018  12:45:32,227.74,225.74,227.95,227.91 x 1100,227.92 x 900,28141939
1-10-2018  12:45:48,1-10-2018  12:45:48,227.75,225.74,227.95,227.91 x 1100,227.92 x 900,28141939
1-10-2018  12:46:4,1-10-2018  12:46:4,227.71,225.74,227.95,227.84 x 1100,227.92 x 900,28141939
1-10-2018  12:46:21,1-10-2018  12:46:21,227.76,225.74,227.95,227.84 x 1100,227.84 x 900,28141939
1-10-2018  12:46:37,1-10-2018  12:46:37,227.79,225.74,227.95,227.84 x 1100,227.84 x 900,28141939
1-10-2018  12:46:53,1-10-2018  12:46:53,227.77,225.74,227.95,227.84 x 1100,227.84 x 900,28141939
1-10-2018  12:47:9,1-10-2018  12:47:9,227.76,225.74,227.95,227.84 x 1100,227.84 x 900,28141939
1-10-2018  12:47:26,1-10-2018  12:47:26,227.7323,225.74,227.95,227.84 x 1100,227.84 x 900,28141939
1-10-2018  12:47:41,1-10-2018  12:47:41,227.72099999999998,225.74,227.95,227.890 x 1100,227.840 x 900,28141939
1-10-2018  12:47:58,1-10-2018  12:47:58,227.74,225.74,227.95,227.8900 x 1100,227.9000 x 900,28141939
1-10-2018  12:48:14,1-10-2018  12:48:14,227.7,225.74,227.95,227.8900 x 1100,227.9000 x 900,28141939
1-10-2018  12:48:31,1-10-2018  12:48:31,227.76,225.74,227.95,227.99 x 1100,227.90 x 900,28141939
1-10-2018  12:48:47,1-10-2018  12:48:47,227.74,225.74,227.95,227.99 x 1100,227.97 x 900,28141939
1-10-2018  12:49:3,1-10-2018  12:49:3,227.76,225.74,227.95,227.990 x 1100,227.970 x 900,28141939
1-10-2018  12:49:19,1-10-2018  12:49:19,227.79,225.74,227.95,227.92 x 1100,227.95 x 900,28141939
1-10-2018  12:49:35,1-10-2018  12:49:35,227.8197,225.74,227.95,227.92 x 1100,227.95 x 900,28141939
1-10-2018  12:49:51,1-10-2018  12:49:51,227.7805,225.74,227.95,227.9200 x 1100,227.9500 x 900,28141939
1-10-2018  12:50:7,1-10-2018  12:50:7,227.83,225.74,227.95,227.9300 x 1100,227.9600 x 900,28141939
1-10-2018  12:50:23,1-10-2018  12:50:23,227.78,225.74,227.95,227.9300 x 1100,227.9600 x 900,28141939
1-10-2018  12:50:39,1-10-2018  12:50:39,227.79,225.74,227.95,227.9900 x 1100,227.9600 x 900,28141939
1-10-2018  12:50:56,1-10-2018  12:50:56,227.79,225.74,227.95,227.99 x 1100,228.03 x 900,28141939
1-10-2018  12:51:12,1-10-2018  12:51:12,227.75,225.74,227.95,227.99 x 1100,228.03 x 900,28141939
1-10-2018  12:51:28,1-10-2018  12:51:28,227.8,225.74,227.95,228.02 x 1100,228.03 x 900,28141939
1-10-2018  12:51:44,1-10-2018  12:51:44,227.7149,225.74,227.95,228.0200 x 1100,228.0900 x 900,28141939
1-10-2018  12:52:1,1-10-2018  12:52:1,227.72,225.74,227.95,228.02 x 1100,228.09 x 900,28141939
1-10-2018  12:52:17,1-10-2018  12:52:17,227.74,225.74,227.95,228.05 x 1100,228.09 x 900,28141939
1-10-2018  12:52:33,1-10-2018  12:52:33,227.76,225.74,227.95,228.05 x 1100,228.06 x 900,28141939
1-10-2018  12:52:49,1-10-2018  12:52:49,227.75,225.74,227.95,228.05 x 1100,228.06 x 900,28141939
1-10-2018  12:53:5,1-10-2018  12:53:5,227.74,225.74,227.95,227.98 x 1100,228.06 x 900,28141939
1-10-2018  12:53:21,1-10-2018  12:53:21,227.71,225.74,227.95,227.98 x 1100,228.02 x 900,28141939
1-10-2018  12:53:37,1-10-2018  12:53:37,227.71,225.74,227.95,227.9800 x 1100,228.0200 x 900,28141939
1-10-2018  12:53:53,1-10-2018  12:53:53,227.74,225.74,227.95,228.06 x 1100,228.02 x 900,28141939
1-10-2018  12:54:9,1-10-2018  12:54:9,227.75,225.74,227.95,228.06 x 1100,228.08 x 900,28141939
1-10-2018  12:54:25,1-10-2018  12:54:25,227.7,225.74,227.95,228.06 x 1100,228.08 x 900,28141939
1-10-2018  12:54:41,1-10-2018  12:54:41,227.7061,225.74,227.95,228.0300 x 1100,228.0800 x 900,28141939
1-10-2018  12:54:57,1-10-2018  12:54:57,227.67,225.74,227.95,228.0300 x 1100,228.0600 x 900,28141939
1-10-2018  12:55:14,1-10-2018  12:55:14,227.64,225.74,227.95,228.03 x 1100,228.06 x 900,28141939
1-10-2018  12:55:30,1-10-2018  12:55:30,227.6202,225.74,227.95,228.1100 x 1100,228.0600 x 900,28141939
1-10-2018  12:55:46,1-10-2018  12:55:46,227.65,225.74,227.95,228.110 x 1100,228.130 x 900,28141939
1-10-2018  12:56:2,1-10-2018  12:56:2,227.67,225.74,227.95,228.11 x 1100,228.13 x 900,28141939
1-10-2018  12:56:18,1-10-2018  12:56:18,227.69,225.74,227.95,227.97 x 1100,228.13 x 900,28141939
1-10-2018  12:56:34,1-10-2018  12:56:34,227.6772,225.74,227.95,227.9700 x 1100,227.9300 x 900,28141939
1-10-2018  12:56:50,1-10-2018  12:56:50,227.6609,225.74,227.95,227.9700 x 1100,227.9300 x 900,28141939
1-10-2018  12:57:7,1-10-2018  12:57:7,227.68,225.74,227.95,228.03 x 1100,227.93 x 900,28141939
1-10-2018  12:57:23,1-10-2018  12:57:23,227.6877,225.74,227.95,228.0300 x 1100,228.0200 x 900,28141939
1-10-2018  12:57:39,1-10-2018  12:57:39,227.69,225.74,227.95,228.0300 x 1100,228.0200 x 900,28141939
1-10-2018  12:57:55,1-10-2018  12:57:55,227.64,225.74,227.95,227.990 x 1100,228.010 x 900,28141939
1-10-2018  12:58:11,1-10-2018  12:58:11,227.6398,225.74,227.95,227.99 x 1100,228.01 x 900,28141939
1-10-2018  12:58:27,1-10-2018  12:58:27,227.63,225.74,227.95,227.99 x 1100,228.01 x 900,28141939
1-10-2018  12:58:44,1-10-2018  12:58:44,227.57,225.74,227.95,227.96 x 1100,227.96 x 900,28141939
1-10-2018  12:59:0,1-10-2018  12:59:0,227.57,225.74,227.95,227.9600 x 1100,227.9600 x 900,28141939
1-10-2018  12:59:17,1-10-2018  12:59:17,227.54,225.74,227.95,227.9600 x 1100,227.9600 x 900,28141939
1-10-2018  12:59:33,1-10-2018  12:59:33,227.58,225.74,227.95,227.81 x 1100,227.80 x 900,28141939
1-10-2018  12:59:49,1-10-2018  12:59:49,227.55,225.74,227.95,227.81 x 1100,227.80 x 900,28141939
1-10-2018  13:0:6,1-10-2018  13:0:6,227.53,225.74,227.95,227.7000 x 1100,227.8000 x 900,28141939
1-10-2018  13:0:22,1-10-2018  13:0:22,227.4687,225.74,227.95,227.7000 x 1100,227.7000 x 1000,28141939
1-10-2018  13:0:38,1-10-2018  13:0:38,227.51,225.74,227.95,227.70 x 1100,227.70 x 1000,28141939
1-10-2018  13:0:54,1-10-2018  13:0:54,227.5765,225.74,227.95,227.7000 x 1100,227.7000 x 1000,28141939
1-10-2018  13:1:10,1-10-2018  13:1:10,227.58,225.74,227.95,227.75 x 1100,227.77 x 1000,28141939
1-10-2018  13:1:27,1-10-2018  13:1:27,227.62,225.74,227.95,227.75 x 1100,227.77 x 1000,28141939
1-10-2018  13:1:43,1-10-2018  13:1:43,227.65,225.74,227.95,227.79 x 1100,227.77 x 1000,28141939
1-10-2018  13:1:59,1-10-2018  13:1:59,227.66,225.74,227.95,227.79 x 1100,227.79 x 1000,28141939
1-10-2018  13:2:15,1-10-2018  13:2:15,227.62,225.74,227.95,227.79 x 1100,227.79 x 1000,28141939
1-10-2018  13:2:32,1-10-2018  13:2:32,227.58,225.74,227.95,227.7200 x 1100,227.7900 x 1000,28141939
1-10-2018  13:2:48,1-10-2018  13:2:48,227.52,225.74,227.95,227.7200 x 1100,227.7400 x 1000,28141939
1-10-2018  13:3:4,1-10-2018  13:3:4,227.47,225.74,227.95,227.72 x 1100,227.74 x 1000,28141939
1-10-2018  13:3:20,1-10-2018  13:3:20,227.45,225.74,227.95,227.700 x 1100,227.740 x 1000,28141939
1-10-2018  13:3:36,1-10-2018  13:3:36,227.47,225.74,227.95,227.70 x 1100,227.81 x 1000,28141939
1-10-2018  13:3:52,1-10-2018  13:3:52,227.42,225.74,227.95,227.70 x 1100,227.81 x 1000,28141939
1-10-2018  13:4:8,1-10-2018  13:4:8,227.52,225.74,227.95,227.74 x 1100,227.78 x 1000,28141939
1-10-2018  13:4:25,1-10-2018  13:4:25,227.52,225.74,227.95,227.74 x 1100,227.78 x 1000,28141939
1-10-2018  13:4:41,1-10-2018  13:4:41,227.53,225.74,227.95,227.74 x 1100,227.78 x 1000,28141939
1-10-2018  13:4:57,1-10-2018  13:4:57,227.5377,225.74,227.95,227.78 x 1100,227.80 x 1000,28141939
1-10-2018  13:5:13,1-10-2018  13:5:13,227.56,225.74,227.95,227.78 x 1100,227.80 x 1000,28141939
1-10-2018  13:5:29,1-10-2018  13:5:29,227.62,225.74,227.95,227.78 x 1100,227.80 x 1000,28141939
1-10-2018  13:5:46,1-10-2018  13:5:46,227.57,225.74,227.95,227.80 x 1100,227.80 x 1000,28141939
1-10-2018  13:6:2,1-10-2018  13:6:2,227.57,225.74,227.95,227.80 x 1100,227.80 x 1000,28141939
1-10-2018  13:6:18,1-10-2018  13:6:18,227.578,225.74,227.95,227.800 x 1100,227.800 x 1000,28141939
1-10-2018  13:6:35,1-10-2018  13:6:35,227.57,225.74,227.95,227.76 x 1100,227.80 x 1000,28141939
1-10-2018  13:6:51,1-10-2018  13:6:51,227.62,225.74,227.95,227.76 x 1100,227.80 x 1000,28141939
1-10-2018  13:7:7,1-10-2018  13:7:7,227.63,225.74,227.95,227.72 x 1100,227.80 x 1000,28141939
1-10-2018  13:7:23,1-10-2018  13:7:23,227.6632,225.74,227.95,227.72 x 1100,227.73 x 1000,28141939
1-10-2018  13:7:39,1-10-2018  13:7:39,227.63,225.74,227.95,227.72 x 1100,227.73 x 1000,28141939
1-10-2018  13:7:55,1-10-2018  13:7:55,227.65,225.74,227.95,227.74 x 1100,227.73 x 1000,28141939
1-10-2018  13:8:12,1-10-2018  13:8:12,227.65,225.74,227.95,227.74 x 1100,227.74 x 1000,28141939
1-10-2018  13:8:28,1-10-2018  13:8:28,227.6184,225.74,227.95,227.74 x 1100,227.74 x 1000,28141939
1-10-2018  13:8:44,1-10-2018  13:8:44,227.61,225.74,227.95,227.70 x 1100,227.74 x 1000,28141939
1-10-2018  13:9:0,1-10-2018  13:9:0,227.59,225.74,227.95,227.70 x 1100,227.76 x 1000,28141939
1-10-2018  13:9:16,1-10-2018  13:9:16,227.65,225.74,227.95,227.70 x 1100,227.76 x 1000,28141939
1-10-2018  13:9:32,1-10-2018  13:9:32,227.62,225.74,227.95,227.70 x 1100,227.76 x 1000,28141939
1-10-2018  13:9:48,1-10-2018  13:9:48,227.62,225.74,227.95,227.70 x 1100,227.73 x 1000,28141939
1-10-2018  13:10:4,1-10-2018  13:10:4,227.65,225.74,227.95,227.70 x 1100,227.73 x 1000,28141939
1-10-2018  13:10:20,1-10-2018  13:10:20,227.66,225.74,227.95,227.63 x 1100,227.64 x 1000,28141939
1-10-2018  13:10:36,1-10-2018  13:10:36,227.63,225.74,227.95,227.63 x 1100,227.64 x 1000,28141939
1-10-2018  13:10:52,1-10-2018  13:10:52,227.7,225.74,227.95,227.63 x 1100,227.64 x 1000,28141939
1-10-2018  13:11:8,1-10-2018  13:11:8,227.67,225.74,227.95,227.65 x 1100,227.64 x 1000,28141939
1-10-2018  13:11:24,1-10-2018  13:11:24,227.69,225.74,227.95,227.650 x 1100,227.690 x 1000,28141939
1-10-2018  13:11:40,1-10-2018  13:11:40,227.71,225.74,227.95,227.65 x 1100,227.69 x 1000,28141939
1-10-2018  13:11:56,1-10-2018  13:11:56,227.69,225.74,227.95,227.66 x 1100,227.66 x 1000,28141939
1-10-2018  13:12:13,1-10-2018  13:12:13,227.6605,225.74,227.95,227.6600 x 1100,227.6600 x 1000,28141939
1-10-2018  13:12:29,1-10-2018  13:12:29,227.66,225.74,227.95,227.66 x 1100,227.66 x 1000,28141939
1-10-2018  13:12:44,1-10-2018  13:12:44,227.68,225.74,227.95,227.69 x 1100,227.71 x 1000,28141939
1-10-2018  13:13:1,1-10-2018  13:13:1,227.67,225.74,227.95,227.69 x 1100,227.71 x 1000,28141939
1-10-2018  13:13:17,1-10-2018  13:13:17,227.69,225.74,227.95,227.690 x 1100,227.710 x 1000,28141939
1-10-2018  13:13:33,1-10-2018  13:13:33,227.7399,225.74,227.95,227.6100 x 1100,227.6300 x 1000,28141939
1-10-2018  13:13:50,1-10-2018  13:13:50,227.74,225.74,227.95,227.61 x 1100,227.63 x 1000,28141939
1-10-2018  13:14:6,1-10-2018  13:14:6,227.73,225.74,227.95,227.61 x 1100,227.63 x 1000,28141939
1-10-2018  13:14:22,1-10-2018  13:14:22,227.73,225.74,227.95,227.5800 x 1100,227.5700 x 1000,28141939
1-10-2018  14:8:9,1-10-2018  14:8:9,227.33,225.74,227.95,227.92 x 1400,227.93 x 800,28141939
1-10-2018  14:8:25,1-10-2018  14:8:25,227.27,225.74,227.95,227.8500 x 1400,227.8800 x 800,28141939
1-10-2018  14:8:41,1-10-2018  14:8:41,227.21,225.74,227.95,227.85 x 1400,227.88 x 800,28141939
1-10-2018  14:8:57,1-10-2018  14:8:57,227.26,225.74,227.95,227.91 x 1400,227.88 x 800,28141939
1-10-2018  14:9:14,1-10-2018  14:9:14,227.336,225.74,227.95,227.91 x 1400,227.93 x 800,28141939
1-10-2018  14:9:30,1-10-2018  14:9:30,227.33,225.74,227.95,227.91 x 1400,227.93 x 800,28141939
1-10-2018  14:9:46,1-10-2018  14:9:46,227.37,225.74,227.95,227.81 x 1400,227.93 x 800,28141939
1-10-2018  14:10:3,1-10-2018  14:10:3,227.32,225.74,227.95,227.81 x 1400,227.82 x 800,28141939
1-10-2018  14:10:19,1-10-2018  14:10:19,227.34,225.74,227.95,227.81 x 1400,227.82 x 800,28141939
1-10-2018  14:10:35,1-10-2018  14:10:35,227.35,225.74,227.95,227.61 x 1400,227.64 x 800,28141939
1-10-2018  14:10:51,1-10-2018  14:10:51,227.38,225.74,227.95,227.610 x 1400,227.640 x 800,28141939
1-10-2018  14:11:7,1-10-2018  14:11:7,227.3101,225.74,227.95,227.6100 x 1400,227.6400 x 800,28141939
1-10-2018  14:11:24,1-10-2018  14:11:24,227.3212,225.74,227.95,227.7200 x 1400,227.7100 x 800,28141939
1-10-2018  14:11:40,1-10-2018  14:11:40,227.32,225.74,227.95,227.72 x 1400,227.71 x 800,28141939
1-10-2018  14:11:57,1-10-2018  14:11:57,227.36,225.74,227.95,227.7200 x 1400,227.7100 x 800,28141939
1-10-2018  14:12:13,1-10-2018  14:12:13,227.32,225.74,227.95,227.71 x 1400,227.73 x 800,28141939
1-10-2018  14:12:29,1-10-2018  14:12:29,227.28,225.74,227.95,227.71 x 1400,227.73 x 800,28141939
1-10-2018  14:12:45,1-10-2018  14:12:45,227.25,225.74,227.95,227.71 x 1400,227.73 x 800,28141939
1-10-2018  14:13:1,1-10-2018  14:13:1,227.29,225.74,227.95,227.71 x 1400,227.73 x 800,28141939
1-10-2018  14:13:17,1-10-2018  14:13:17,227.21,225.74,227.95,227.73 x 1400,227.77 x 800,28141939
1-10-2018  14:13:34,1-10-2018  14:13:34,227.31,225.74,227.95,227.7300 x 1400,227.7700 x 800,28141939
1-10-2018  14:13:50,1-10-2018  14:13:50,227.37,225.74,227.95,227.74 x 1400,227.75 x 800,28141939
1-10-2018  14:14:6,1-10-2018  14:14:6,227.41,225.74,227.95,227.74 x 1400,227.75 x 800,28141939
1-10-2018  14:14:22,1-10-2018  14:14:22,227.44,225.74,227.95,227.74 x 1400,227.75 x 800,28141939
1-10-2018  14:14:38,1-10-2018  14:14:38,227.43,225.74,227.95,227.73 x 1400,227.76 x 800,28141939
1-10-2018  14:14:55,1-10-2018  14:14:55,227.39,225.74,227.95,227.73 x 1400,227.76 x 800,28141939
1-10-2018  14:15:11,1-10-2018  14:15:11,227.4,225.74,227.95,227.7300 x 1400,227.7600 x 800,28141939
1-10-2018  14:15:27,1-10-2018  14:15:27,227.41,225.74,227.95,227.66 x 1400,227.69 x 800,28141939
1-10-2018  14:15:44,1-10-2018  14:15:44,227.43,225.74,227.95,227.66 x 1400,227.69 x 800,28141939
1-10-2018  14:16:0,1-10-2018  14:16:0,227.4,225.74,227.95,227.66 x 1400,227.69 x 800,28141939
1-10-2018  14:16:16,1-10-2018  14:16:16,227.4,225.74,227.95,227.60 x 1400,227.60 x 800,28141939
1-10-2018  14:16:33,1-10-2018  14:16:33,227.36,225.74,227.95,227.60 x 1400,227.60 x 800,28141939
1-10-2018  14:16:50,1-10-2018  14:16:50,227.42,225.74,227.95,227.6000 x 1400,227.6000 x 800,28141939
1-10-2018  14:17:6,1-10-2018  14:17:6,227.4099,225.74,227.95,227.4500 x 1400,227.4700 x 800,28141939
1-10-2018  14:17:21,1-10-2018  14:17:21,227.43,225.74,227.95,227.45 x 1400,227.47 x 800,28141939
1-10-2018  14:17:38,1-10-2018  14:17:38,227.3735,225.74,227.95,227.4500 x 1400,227.4700 x 800,28141939
1-10-2018  14:17:54,1-10-2018  14:17:54,227.38,225.74,227.95,227.37 x 1400,227.40 x 800,28141939
1-10-2018  14:18:10,1-10-2018  14:18:10,227.37,225.74,227.95,227.37 x 1400,227.40 x 800,28141939
1-10-2018  14:18:26,1-10-2018  14:18:26,227.39,225.74,227.95,227.37 x 1400,227.40 x 800,28141939
1-10-2018  14:18:43,1-10-2018  14:18:43,227.41,225.74,227.95,227.46 x 1400,227.49 x 800,28141939
1-10-2018  14:18:59,1-10-2018  14:18:59,227.45,225.74,227.95,227.46 x 1400,227.49 x 800,28141939
1-10-2018  14:19:15,1-10-2018  14:19:15,227.45,225.74,227.95,227.46 x 1400,227.49 x 800,28141939
1-10-2018  14:19:31,1-10-2018  14:19:31,227.53,225.74,227.95,227.46 x 1400,227.48 x 800,28141939
1-10-2018  14:19:48,1-10-2018  14:19:48,227.49,225.74,227.95,227.46 x 1400,227.48 x 800,28141939
1-10-2018  14:20:4,1-10-2018  14:20:4,227.43,225.74,227.95,227.39 x 1400,227.40 x 800,28141939
1-10-2018  14:20:20,1-10-2018  14:20:20,227.43,225.74,227.95,227.39 x 1400,227.40 x 800,28141939
1-10-2018  14:20:37,1-10-2018  14:20:37,227.445,225.74,227.95,227.390 x 1400,227.400 x 800,28141939
1-10-2018  14:20:53,1-10-2018  14:20:53,227.44,225.74,227.95,227.3300 x 1400,227.3700 x 800,28141939
1-10-2018  14:21:9,1-10-2018  14:21:9,227.3999,225.74,227.95,227.33 x 1400,227.37 x 800,28141939
1-10-2018  14:21:26,1-10-2018  14:21:26,227.48,225.74,227.95,227.33 x 1400,227.37 x 800,28141939
1-10-2018  14:21:42,1-10-2018  14:21:42,227.54,225.74,227.95,227.39 x 1400,227.40 x 800,28141939
1-10-2018  14:21:58,1-10-2018  14:21:58,227.46,225.74,227.95,227.39 x 1400,227.40 x 800,28141939
1-10-2018  14:22:15,1-10-2018  14:22:15,227.4221,225.74,227.95,227.3900 x 1400,227.4000 x 800,28141939
1-10-2018  14:22:31,1-10-2018  14:22:31,227.39,225.74,227.95,227.36 x 1400,227.37 x 800,28141939
1-10-2018  14:22:47,1-10-2018  14:22:47,227.38,225.74,227.95,227.36 x 1400,227.37 x 800,28141939
1-10-2018  14:23:3,1-10-2018  14:23:3,227.37,225.74,227.95,227.36 x 1400,227.37 x 800,28141939
1-10-2018  14:23:19,1-10-2018  14:23:19,227.4446,225.74,227.95,227.3200 x 1400,227.3700 x 800,28141939
1-10-2018  14:23:36,1-10-2018  14:23:36,227.4,225.74,227.95,227.32 x 1400,227.33 x 900,28141939
1-10-2018  14:23:52,1-10-2018  14:23:52,227.41,225.74,227.95,227.32 x 1400,227.33 x 900,28141939
1-10-2018  14:24:8,1-10-2018  14:24:8,227.42,225.74,227.95,227.23 x 1400,227.29 x 900,28141939
1-10-2018  14:24:24,1-10-2018  14:24:24,227.39,225.74,227.95,227.23 x 1400,227.29 x 900,28141939
1-10-2018  14:24:40,1-10-2018  14:24:40,227.4016,225.74,227.95,227.3800 x 1400,227.2900 x 900,28141939
1-10-2018  14:24:56,1-10-2018  14:24:56,227.42,225.74,227.95,227.3800 x 1400,227.2900 x 900,28141939
1-10-2018  14:25:12,1-10-2018  14:25:12,227.38,225.74,227.95,227.38 x 1400,227.38 x 900,28141939
1-10-2018  14:25:28,1-10-2018  14:25:28,227.39,225.74,227.95,227.3400 x 1400,227.3800 x 900,28141939
1-10-2018  14:25:44,1-10-2018  14:25:44,227.4,225.74,227.95,227.34 x 1400,227.37 x 900,28141939
1-10-2018  14:26:1,1-10-2018  14:26:1,227.39,225.74,227.95,227.34 x 1400,227.37 x 900,28141939
1-10-2018  14:26:17,1-10-2018  14:26:17,227.37,225.74,227.95,227.32 x 1400,227.37 x 900,28141939
1-10-2018  14:26:33,1-10-2018  14:26:33,227.39,225.74,227.95,227.32 x 1400,227.32 x 1300,28141939
1-10-2018  14:26:49,1-10-2018  14:26:49,227.38,225.74,227.95,227.32 x 1400,227.32 x 1300,28141939
1-10-2018  14:27:5,1-10-2018  14:27:5,227.37,225.74,227.95,227.36 x 1400,227.32 x 1300,28141939
1-10-2018  14:27:22,1-10-2018  14:27:22,227.31,225.74,227.95,227.36 x 1400,227.32 x 1300,28141939
1-10-2018  14:27:38,1-10-2018  14:27:38,227.3102,225.74,227.95,227.3600 x 1400,227.3200 x 800,28141939
1-10-2018  14:27:54,1-10-2018  14:27:54,227.37,225.74,227.95,227.29 x 1400,227.32 x 800,28141939
1-10-2018  14:28:10,1-10-2018  14:28:10,227.36,225.74,227.95,227.29 x 1400,227.32 x 800,28141939
1-10-2018  14:28:26,1-10-2018  14:28:26,227.35,225.74,227.95,227.29 x 1400,227.28 x 800,28141939
1-10-2018  14:28:42,1-10-2018  14:28:42,227.33,225.74,227.95,227.32 x 1400,227.28 x 800,28141939
1-10-2018  14:28:59,1-10-2018  14:28:59,227.35,225.74,227.95,227.32 x 1400,227.42 x 800,28141939
1-10-2018  14:29:15,1-10-2018  14:29:15,227.32,225.74,227.95,227.32 x 1400,227.42 x 800,28141939
1-10-2018  14:29:31,1-10-2018  14:29:31,227.3,225.74,227.95,227.42 x 1400,227.42 x 800,28141939
1-10-2018  14:29:47,1-10-2018  14:29:47,227.25,225.74,227.95,227.42 x 1400,227.38 x 800,28141939
1-10-2018  14:30:3,1-10-2018  14:30:3,227.3,225.74,227.95,227.42 x 1400,227.38 x 800,28141939
1-10-2018  14:30:19,1-10-2018  14:30:19,227.18,225.74,227.95,227.37 x 1400,227.38 x 800,28141939
1-10-2018  14:30:35,1-10-2018  14:30:35,227.17,225.74,227.95,227.37 x 1400,227.42 x 800,28141939
1-10-2018  14:30:51,1-10-2018  14:30:51,227.25,225.74,227.95,227.44 x 1400,227.42 x 800,28141939
1-10-2018  14:31:7,1-10-2018  14:31:7,227.25,225.74,227.95,227.44 x 1400,227.42 x 800,28141939
1-10-2018  14:31:23,1-10-2018  14:31:23,227.2299,225.74,227.95,227.4400 x 1400,227.3900 x 800,28141939
1-10-2018  14:31:39,1-10-2018  14:31:39,227.17,225.74,227.95,227.37 x 1400,227.39 x 800,28141939
1-10-2018  14:31:55,1-10-2018  14:31:55,227.13,225.74,227.95,227.37 x 1400,227.39 x 800,28141939
1-10-2018  14:32:11,1-10-2018  14:32:11,227.12,225.74,227.95,227.37 x 1400,227.42 x 800,28141939
1-10-2018  14:32:28,1-10-2018  14:32:28,227.08,225.74,227.95,227.4300 x 1400,227.4200 x 800,28141939
1-10-2018  14:32:44,1-10-2018  14:32:44,227.06,225.74,227.95,227.43 x 1400,227.42 x 800,28141939
1-10-2018  14:33:0,1-10-2018  14:33:0,227.03,225.74,227.95,227.43 x 1400,227.39 x 800,28141939
1-10-2018  14:33:16,1-10-2018  14:33:16,226.97,225.74,227.95,227.36 x 1400,227.39 x 800,28141939
1-10-2018  14:33:32,1-10-2018  14:33:32,226.98,225.74,227.95,227.36 x 1400,227.39 x 800,28141939
1-10-2018  14:33:48,1-10-2018  14:33:48,227.07,225.74,227.95,227.36 x 1400,227.42 x 800,28141939
1-10-2018  14:34:4,1-10-2018  14:34:4,227.0,225.74,227.95,227.45 x 1400,227.42 x 800,28141939
1-10-2018  14:34:20,1-10-2018  14:34:20,227.04,225.74,227.95,227.450 x 1400,227.420 x 800,28141939
1-10-2018  14:34:36,1-10-2018  14:34:36,226.98,225.74,227.95,227.45 x 1400,227.48 x 800,28141939
1-10-2018  14:34:52,1-10-2018  14:34:52,226.94,225.74,227.95,227.49 x 1400,227.48 x 800,28141939
1-10-2018  14:35:8,1-10-2018  14:35:8,226.82,225.74,227.95,227.49 x 1400,227.48 x 800,28141939
1-10-2018  14:35:24,1-10-2018  14:35:24,226.78,225.74,227.95,227.4900 x 1400,227.4200 x 800,28141939
1-10-2018  14:35:40,1-10-2018  14:35:40,226.84,225.74,227.95,227.42 x 1400,227.42 x 800,28141939
1-10-2018  14:35:57,1-10-2018  14:35:57,226.93,225.74,227.95,227.42 x 1400,227.42 x 800,28141939
1-10-2018  14:36:13,1-10-2018  14:36:13,226.99,225.74,227.95,227.42 x 1400,227.40 x 800,28141939
1-10-2018  14:36:29,1-10-2018  14:36:29,226.93,225.74,227.95,227.3800 x 1400,227.4000 x 800,28141939
1-10-2018  14:36:45,1-10-2018  14:36:45,226.918,225.74,227.95,227.38 x 1400,227.40 x 800,28141939
1-10-2018  14:37:1,1-10-2018  14:37:1,226.8787,225.74,227.95,227.4500 x 1400,227.5300 x 800,28141939
1-10-2018  14:37:17,1-10-2018  14:37:17,226.87,225.74,227.95,227.45 x 1400,227.53 x 800,28141939
1-10-2018  14:37:33,1-10-2018  14:37:33,226.84,225.74,227.95,227.4500 x 1400,227.4000 x 800,28141939
1-10-2018  14:37:50,1-10-2018  14:37:50,226.9,225.74,227.95,227.45 x 1400,227.40 x 800,28141939
1-10-2018  14:38:6,1-10-2018  14:38:6,226.88,225.74,227.95,227.38 x 1400,227.40 x 800,28141939
1-10-2018  14:38:23,1-10-2018  14:38:23,226.9354,225.74,227.95,227.38 x 1400,227.45 x 800,28141939
1-10-2018  14:38:39,1-10-2018  14:38:39,226.96,225.74,227.95,227.38 x 1400,227.45 x 800,28141939
1-10-2018  14:38:55,1-10-2018  14:38:55,226.97,225.74,227.95,227.38 x 1400,227.45 x 800,28141939
1-10-2018  14:39:12,1-10-2018  14:39:12,226.97,225.74,227.95,227.38 x 1400,227.45 x 800,28141939
1-10-2018  14:39:28,1-10-2018  14:39:28,226.9582,225.74,227.95,227.3900 x 1400,227.4300 x 800,28141939
1-10-2018  14:39:45,1-10-2018  14:39:45,226.97,225.74,227.95,227.39 x 1400,227.43 x 800,28141939
1-10-2018  14:40:1,1-10-2018  14:40:1,226.99,225.74,227.95,227.39 x 1400,227.42 x 800,28141939
1-10-2018  14:40:17,1-10-2018  14:40:17,226.98,225.74,227.95,227.42 x 1400,227.42 x 800,28141939
1-10-2018  14:40:33,1-10-2018  14:40:33,226.94,225.74,227.95,227.42 x 1400,227.42 x 800,28141939
1-10-2018  14:40:49,1-10-2018  14:40:49,226.94,225.74,227.95,227.41 x 1400,227.40 x 800,28141939
1-10-2018  14:41:5,1-10-2018  14:41:5,226.88,225.74,227.95,227.41 x 1400,227.40 x 800,28141939
1-10-2018  14:41:22,1-10-2018  14:41:22,226.93,225.74,227.95,227.41 x 1400,227.40 x 800,28141939
1-10-2018  14:41:38,1-10-2018  14:41:38,226.9,225.74,227.95,227.39 x 1400,227.38 x 900,28141939
1-10-2018  14:41:54,1-10-2018  14:41:54,226.85,225.74,227.95,227.390 x 1400,227.380 x 900,28141939
1-10-2018  14:42:11,1-10-2018  14:42:11,226.85,225.74,227.95,227.39 x 1400,227.38 x 900,28141939
1-10-2018  14:42:27,1-10-2018  14:42:27,226.92,225.74,227.95,227.39 x 1400,227.33 x 900,28141939
1-10-2018  14:42:43,1-10-2018  14:42:43,226.95,225.74,227.95,227.28 x 1400,227.33 x 900,28141939
1-10-2018  14:42:59,1-10-2018  14:42:59,226.94,225.74,227.95,227.2800 x 1400,227.3300 x 900,28141939
1-10-2018  14:43:15,1-10-2018  14:43:15,226.98,225.74,227.95,227.28 x 1400,227.35 x 900,28141939
1-10-2018  14:43:31,1-10-2018  14:43:31,226.94,225.74,227.95,227.3400 x 1400,227.3500 x 900,28141939
1-10-2018  14:43:47,1-10-2018  14:43:47,226.92,225.74,227.95,227.34 x 1400,227.35 x 900,28141939
1-10-2018  14:44:3,1-10-2018  14:44:3,226.91,225.74,227.95,227.32 x 1400,227.31 x 900,28141939
1-10-2018  14:44:19,1-10-2018  14:44:19,226.8872,225.74,227.95,227.3200 x 1400,227.3100 x 900,28141939
1-10-2018  14:44:35,1-10-2018  14:44:35,226.99,225.74,227.95,227.32 x 1400,227.31 x 900,28141939
1-10-2018  14:44:52,1-10-2018  14:44:52,227.04,225.74,227.95,227.2500 x 1400,227.2900 x 900,28141939
1-10-2018  14:45:8,1-10-2018  14:45:8,227.02,225.74,227.95,227.25 x 1400,227.29 x 900,28141939
1-10-2018  14:45:24,1-10-2018  14:45:24,227.105,225.74,227.95,227.250 x 1400,227.290 x 900,28141939
1-10-2018  14:45:40,1-10-2018  14:45:40,227.12,225.74,227.95,227.16 x 1400,227.15 x 900,28141939
1-10-2018  14:45:56,1-10-2018  14:45:56,227.1251,225.74,227.95,227.1600 x 1400,227.1500 x 900,28141939
1-10-2018  14:46:12,1-10-2018  14:46:12,227.06,225.74,227.95,227.16 x 1400,227.15 x 900,28141939
1-10-2018  14:46:29,1-10-2018  14:46:29,227.06,225.74,227.95,227.22 x 1400,227.25 x 1100,28141939
1-10-2018  14:46:45,1-10-2018  14:46:45,227.06,225.74,227.95,227.22 x 1400,227.25 x 1100,28141939
1-10-2018  14:47:2,1-10-2018  14:47:2,227.0246,225.74,227.95,227.22 x 1400,227.25 x 1100,28141939
1-10-2018  14:47:18,1-10-2018  14:47:18,227.03,225.74,227.95,227.12 x 1400,227.13 x 1100,28141939
1-10-2018  14:47:34,1-10-2018  14:47:34,227.03,225.74,227.95,227.12 x 1400,227.13 x 1100,28141939
1-10-2018  14:47:51,1-10-2018  14:47:51,227.05,225.74,227.95,227.12 x 1400,227.06 x 1100,28141939
1-10-2018  14:48:7,1-10-2018  14:48:7,226.95,225.74,227.95,227.03 x 1400,227.06 x 1100,28141939
1-10-2018  14:48:24,1-10-2018  14:48:24,226.9754,225.74,227.95,227.0300 x 1400,227.0600 x 1100,28141939
1-10-2018  14:48:40,1-10-2018  14:48:40,226.97,225.74,227.95,227.0700 x 1400,227.0100 x 1100,28141939
1-10-2018  14:48:56,1-10-2018  14:48:56,226.9599,225.74,227.95,227.07 x 1400,227.01 x 1100,28141939
1-10-2018  14:49:12,1-10-2018  14:49:12,226.95,225.74,227.95,227.070 x 1400,227.010 x 1100,28141939
1-10-2018  14:49:29,1-10-2018  14:49:29,226.9365,225.74,227.95,227.0000 x 1400,227.0600 x 1100,28141939
1-10-2018  14:49:45,1-10-2018  14:49:45,227.01,225.74,227.95,227.000 x 1400,227.060 x 1100,28141939
1-10-2018  14:50:1,1-10-2018  14:50:1,226.995,225.74,227.95,227.00 x 1400,227.06 x 1100,28141939
1-10-2018  14:50:17,1-10-2018  14:50:17,226.95,225.74,227.95,226.80 x 1400,226.90 x 1100,28141939
1-10-2018  14:50:33,1-10-2018  14:50:33,226.97,225.74,227.95,226.8000 x 1400,226.9000 x 1100,28141939
1-10-2018  14:50:50,1-10-2018  14:50:50,226.92,225.74,227.95,226.80 x 1400,226.90 x 1100,28141939
1-10-2018  14:51:6,1-10-2018  14:51:6,226.92,225.74,227.95,226.93 x 1400,226.87 x 1100,28141939
1-10-2018  14:51:23,1-10-2018  14:51:23,226.95,225.74,227.95,226.93 x 1400,226.87 x 1100,28141939
1-10-2018  14:51:39,1-10-2018  14:51:39,226.999,225.74,227.95,226.930 x 1400,226.870 x 1100,28141939
1-10-2018  14:51:55,1-10-2018  14:51:55,226.97,225.74,227.95,226.91 x 1400,226.93 x 1100,28141939
1-10-2018  14:52:11,1-10-2018  14:52:11,226.93,225.74,227.95,226.91 x 1400,226.93 x 1100,28141939
1-10-2018  14:52:27,1-10-2018  14:52:27,226.886,225.74,227.95,226.9100 x 1400,226.9300 x 1100,28141939
1-10-2018  14:52:44,1-10-2018  14:52:44,226.91,225.74,227.95,226.85 x 1400,226.87 x 1100,28141939
1-10-2018  14:53:0,1-10-2018  14:53:0,226.88,225.74,227.95,226.85 x 1400,226.87 x 1100,28141939
1-10-2018  14:53:17,1-10-2018  14:53:17,226.87,225.74,227.95,226.85 x 1400,226.87 x 1100,28141939
1-10-2018  14:53:33,1-10-2018  14:53:33,226.9,225.74,227.95,226.94 x 1400,226.97 x 1100,28141939
1-10-2018  14:53:49,1-10-2018  14:53:49,226.9,225.74,227.95,226.94 x 1400,226.97 x 1100,28141939
1-10-2018  14:54:5,1-10-2018  14:54:5,226.8499,225.74,227.95,226.94 x 1400,226.98 x 1100,28141939
1-10-2018  14:54:21,1-10-2018  14:54:21,226.85,225.74,227.95,226.96 x 1400,226.98 x 1100,28141939
1-10-2018  14:54:37,1-10-2018  14:54:37,226.855,225.74,227.95,226.960 x 1400,226.980 x 1100,28141939
1-10-2018  14:54:54,1-10-2018  14:54:54,226.885,225.74,227.95,226.960 x 1400,226.990 x 800,28141939
1-10-2018  14:55:10,1-10-2018  14:55:10,226.93,225.74,227.95,226.99 x 1400,226.99 x 800,28141939
1-10-2018  14:55:27,1-10-2018  14:55:27,226.94,225.74,227.95,226.99 x 1400,226.99 x 800,28141939
1-10-2018  14:55:43,1-10-2018  14:55:43,226.94,225.74,227.95,226.99 x 1400,226.97 x 800,28141939
1-10-2018  14:55:59,1-10-2018  14:55:59,226.98,225.74,227.95,226.94 x 1400,226.97 x 800,28141939
1-10-2018  14:56:15,1-10-2018  14:56:15,226.98,225.74,227.95,226.94 x 1400,226.97 x 800,28141939
1-10-2018  14:56:32,1-10-2018  14:56:32,227.02,225.74,227.95,226.94 x 1400,226.93 x 800,28141939
1-10-2018  14:56:48,1-10-2018  14:56:48,227.02,225.74,227.95,226.88 x 1400,226.93 x 800,28141939
1-10-2018  14:57:4,1-10-2018  14:57:4,227.02,225.74,227.95,226.88 x 1400,226.93 x 800,28141939
1-10-2018  14:57:20,1-10-2018  14:57:20,227.02,225.74,227.95,226.860 x 1400,226.860 x 800,28141939
1-10-2018  14:57:36,1-10-2018  14:57:36,227.02,225.74,227.95,226.86 x 1400,226.86 x 800,28141939
1-10-2018  14:57:53,1-10-2018  14:57:53,227.15,225.74,227.95,226.86 x 1400,226.86 x 800,28141939
1-10-2018  14:58:9,1-10-2018  14:58:9,227.18,225.74,227.95,226.86 x 1400,226.96 x 800,28141939
1-10-2018  14:58:25,1-10-2018  14:58:25,227.16,225.74,227.95,226.96 x 800,226.96 x 800,28141939
1-10-2018  14:58:41,1-10-2018  14:58:41,227.11,225.74,227.95,226.96 x 800,226.96 x 800,28141939
1-10-2018  14:58:58,1-10-2018  14:58:58,227.12,225.74,227.95,226.92 x 800,226.92 x 800,28141939
1-10-2018  14:59:15,1-10-2018  14:59:15,227.19,225.74,227.95,226.92 x 800,226.92 x 800,28141939
1-10-2018  14:59:31,1-10-2018  14:59:31,227.11,225.74,227.95,226.92 x 800,226.91 x 800,28141939
1-10-2018  14:59:47,1-10-2018  14:59:47,227.12,225.74,227.95,226.98 x 800,226.91 x 800,28141939
1-10-2018  15:0:4,1-10-2018  15:0:4,227.16,225.74,227.95,226.98 x 800,226.91 x 800,28141939
1-10-2018  15:0:20,1-10-2018  15:0:20,227.1401,225.74,227.95,226.9800 x 800,227.0600 x 800,28141939
1-10-2018  15:0:36,1-10-2018  15:0:36,227.1,225.74,227.95,227.10 x 800,227.06 x 800,28141939
1-10-2018  15:0:52,1-10-2018  15:0:52,227.145,225.74,227.95,227.10 x 800,227.06 x 800,28141939
1-10-2018  15:1:9,1-10-2018  15:1:9,227.18,225.74,227.95,227.10 x 800,227.08 x 800,28141939
1-10-2018  15:1:25,1-10-2018  15:1:25,227.16,225.74,227.95,227.0600 x 800,227.0800 x 800,28141939
1-10-2018  15:1:41,1-10-2018  15:1:41,227.14,225.74,227.95,227.06 x 800,227.08 x 800,28141939
1-10-2018  15:1:57,1-10-2018  15:1:57,227.19,225.74,227.95,227.0600 x 800,227.0700 x 800,28141939
1-10-2018  15:2:14,1-10-2018  15:2:14,227.21,225.74,227.95,227.0200 x 800,227.0700 x 800,28141939
1-10-2018  15:2:30,1-10-2018  15:2:30,227.19,225.74,227.95,227.02 x 800,227.07 x 800,28141939
1-10-2018  15:2:46,1-10-2018  15:2:46,227.23,225.74,227.95,227.02 x 800,227.05 x 800,28141939
1-10-2018  15:3:2,1-10-2018  15:3:2,227.18,225.74,227.95,227.04 x 800,227.05 x 800,28141939
1-10-2018  15:3:18,1-10-2018  15:3:18,227.16,225.74,227.95,227.04 x 800,227.05 x 800,28141939
1-10-2018  15:3:35,1-10-2018  15:3:35,227.188,225.74,227.95,226.960 x 800,226.970 x 800,28141939
1-10-2018  15:3:51,1-10-2018  15:3:51,227.16,225.74,227.95,226.96 x 800,226.97 x 800,28141939
1-10-2018  15:4:7,1-10-2018  15:4:7,227.17,225.74,227.95,226.96 x 800,226.97 x 800,28141939
1-10-2018  15:4:23,1-10-2018  15:4:23,227.21,225.74,227.95,226.88 x 800,226.96 x 900,28141939
1-10-2018  15:4:39,1-10-2018  15:4:39,227.2,225.74,227.95,226.88 x 800,226.96 x 900,28141939
1-10-2018  15:4:55,1-10-2018  15:4:55,227.23,225.74,227.95,226.88 x 800,226.96 x 900,28141939
1-10-2018  15:5:12,1-10-2018  15:5:12,227.24,225.74,227.95,226.98 x 800,227.01 x 900,28141939
1-10-2018  15:5:28,1-10-2018  15:5:28,227.24,225.74,227.95,226.9800 x 800,227.0100 x 900,28141939
1-10-2018  15:5:44,1-10-2018  15:5:44,227.25,225.74,227.95,226.98 x 800,226.97 x 900,28141939
1-10-2018  15:6:1,1-10-2018  15:6:1,227.22,225.74,227.95,226.92 x 800,226.97 x 900,28141939
1-10-2018  15:6:17,1-10-2018  15:6:17,227.22,225.74,227.95,226.92 x 800,226.97 x 900,28141939
1-10-2018  15:6:41,1-10-2018  15:6:41,227.18,225.74,227.95,227.00 x 800,227.00 x 900,28141939
1-10-2018  15:6:57,1-10-2018  15:6:57,227.179,225.74,227.95,227.000 x 800,227.000 x 900,28141939
1-10-2018  15:7:13,1-10-2018  15:7:13,227.2,225.74,227.95,227.0000 x 800,227.0000 x 900,28141939
1-10-2018  15:7:29,1-10-2018  15:7:29,227.16,225.74,227.95,226.89 x 800,226.92 x 900,28141939
1-10-2018  15:7:45,1-10-2018  15:7:45,227.19,225.74,227.95,226.89 x 800,226.92 x 900,28141939
1-10-2018  15:8:1,1-10-2018  15:8:1,227.17,225.74,227.95,226.89 x 800,226.92 x 900,28141939
1-10-2018  15:8:17,1-10-2018  15:8:17,227.2,225.74,227.95,226.89 x 800,226.88 x 900,28141939
1-10-2018  15:8:33,1-10-2018  15:8:33,227.11,225.74,227.95,226.87 x 1100,226.88 x 900,28141939
1-10-2018  15:8:49,1-10-2018  15:8:49,227.17,225.74,227.95,226.87 x 1100,226.88 x 900,28141939
1-10-2018  15:9:6,1-10-2018  15:9:6,227.16,225.74,227.95,226.92 x 1000,226.90 x 900,28141939
1-10-2018  15:9:22,1-10-2018  15:9:22,227.16,225.74,227.95,226.92 x 1000,226.90 x 900,28141939
1-10-2018  15:9:38,1-10-2018  15:9:38,227.16,225.74,227.95,226.92 x 1000,226.87 x 900,28141939
1-10-2018  15:9:54,1-10-2018  15:9:54,227.18,225.74,227.95,226.86 x 1000,226.87 x 900,28141939
1-10-2018  15:10:11,1-10-2018  15:10:11,227.16,225.74,227.95,226.86 x 1000,226.87 x 900,28141939
1-10-2018  15:10:27,1-10-2018  15:10:27,227.1499,225.74,227.95,226.86 x 1000,226.93 x 900,28141939
1-10-2018  15:10:43,1-10-2018  15:10:43,227.15,225.74,227.95,226.94 x 1000,226.93 x 900,28141939
1-10-2018  15:11:0,1-10-2018  15:11:0,227.14,225.74,227.95,226.94 x 1000,226.93 x 900,28141939
1-10-2018  15:11:16,1-10-2018  15:11:16,227.04,225.74,227.95,226.94 x 1000,227.02 x 900,28141939
1-10-2018  15:11:32,1-10-2018  15:11:32,227.0239,225.74,227.95,226.9900 x 1000,227.0200 x 900,28141939
1-10-2018  15:11:48,1-10-2018  15:11:48,227.0,225.74,227.95,226.99 x 1000,227.02 x 900,28141939
1-10-2018  15:12:4,1-10-2018  15:12:4,227.04,225.74,227.95,226.99 x 1000,227.11 x 900,28141939
1-10-2018  15:12:21,1-10-2018  15:12:21,226.99,225.74,227.95,227.10 x 1000,227.11 x 900,28141939
1-10-2018  15:12:37,1-10-2018  15:12:37,226.9601,225.74,227.95,227.1000 x 1000,227.1100 x 900,28141939
1-10-2018  15:12:54,1-10-2018  15:12:54,226.98,225.74,227.95,227.10 x 1000,227.17 x 900,28141939
1-10-2018  15:13:10,1-10-2018  15:13:10,227.0499,225.74,227.95,227.1600 x 1000,227.1700 x 900,28141939
1-10-2018  15:13:27,1-10-2018  15:13:27,227.08,225.74,227.95,227.16 x 1000,227.17 x 900,28141939
1-10-2018  15:13:43,1-10-2018  15:13:43,227.04,225.74,227.95,227.16 x 1000,227.17 x 900,28141939
1-10-2018  15:14:0,1-10-2018  15:14:0,227.05,225.74,227.95,227.10 x 1000,227.17 x 900,28141939
1-10-2018  15:14:16,1-10-2018  15:14:16,227.0618,225.74,227.95,227.1000 x 1000,227.2000 x 900,28141939
1-10-2018  15:14:32,1-10-2018  15:14:32,227.07,225.74,227.95,227.10 x 1000,227.20 x 900,28141939
1-10-2018  15:14:48,1-10-2018  15:14:48,227.11,225.74,227.95,227.12 x 1000,227.20 x 900,28141939
1-10-2018  15:15:4,1-10-2018  15:15:4,227.16,225.74,227.95,227.12 x 1000,227.17 x 900,28141939
1-10-2018  15:15:21,1-10-2018  15:15:21,227.16,225.74,227.95,227.12 x 1000,227.17 x 900,28141939
1-10-2018  15:15:37,1-10-2018  15:15:37,227.15,225.74,227.95,227.13 x 1000,227.17 x 900,28141939
1-10-2018  15:15:53,1-10-2018  15:15:53,227.11,225.74,227.95,227.13 x 1000,227.12 x 900,28141939
1-10-2018  15:16:9,1-10-2018  15:16:9,227.19,225.74,227.95,227.13 x 1000,227.12 x 900,28141939
1-10-2018  15:16:26,1-10-2018  15:16:26,227.29,225.74,227.95,227.17 x 1000,227.12 x 900,28141939
1-10-2018  15:16:42,1-10-2018  15:16:42,227.24,225.74,227.95,227.17 x 1000,227.16 x 800,28141939
1-10-2018  15:16:58,1-10-2018  15:16:58,227.235,225.74,227.95,227.1700 x 1000,227.1600 x 800,28141939
1-10-2018  15:17:15,1-10-2018  15:17:15,227.21,225.74,227.95,227.18 x 1000,227.16 x 800,28141939
1-10-2018  15:17:31,1-10-2018  15:17:31,227.18,225.74,227.95,227.18 x 1000,227.22 x 800,28141939
1-10-2018  15:17:47,1-10-2018  15:17:47,227.17,225.74,227.95,227.22 x 1000,227.22 x 800,28141939
1-10-2018  15:18:3,1-10-2018  15:18:3,227.175,225.74,227.95,227.220 x 1000,227.220 x 800,28141939
1-10-2018  15:18:20,1-10-2018  15:18:20,227.2,225.74,227.95,227.22 x 1000,227.18 x 800,28141939
1-10-2018  15:18:36,1-10-2018  15:18:36,227.18,225.74,227.95,227.17 x 1000,227.18 x 800,28141939
1-10-2018  15:18:52,1-10-2018  15:18:52,227.23,225.74,227.95,227.17 x 1000,227.18 x 800,28141939
1-10-2018  15:19:9,1-10-2018  15:19:9,227.16,225.74,227.95,227.17 x 1000,227.18 x 800,28141939
1-10-2018  15:19:25,1-10-2018  15:19:25,227.1,225.74,227.95,227.19 x 1000,227.18 x 800,28141939
1-10-2018  15:19:41,1-10-2018  15:19:41,227.04,225.74,227.95,227.19 x 1000,227.18 x 800,28141939
1-10-2018  15:19:57,1-10-2018  15:19:57,227.14,225.74,227.95,227.19 x 1000,227.23 x 800,28141939
1-10-2018  15:20:14,1-10-2018  15:20:14,227.18,225.74,227.95,227.25 x 1000,227.23 x 800,28141939
1-10-2018  15:20:30,1-10-2018  15:20:30,227.19,225.74,227.95,227.25 x 1000,227.23 x 800,28141939
1-10-2018  15:20:46,1-10-2018  15:20:46,227.215,225.74,227.95,227.250 x 1000,227.260 x 800,28141939
1-10-2018  15:21:2,1-10-2018  15:21:2,227.21,225.74,227.95,227.23 x 1000,227.26 x 800,28141939
1-10-2018  15:21:18,1-10-2018  15:21:18,227.19,225.74,227.95,227.23 x 1000,227.26 x 800,28141939
1-10-2018  15:21:35,1-10-2018  15:21:35,227.2223,225.74,227.95,227.2300 x 1000,227.2100 x 800,28141939
1-10-2018  15:21:51,1-10-2018  15:21:51,227.165,225.74,227.95,227.180 x 1000,227.210 x 800,28141939
1-10-2018  15:22:7,1-10-2018  15:22:7,227.24,225.74,227.95,227.1800 x 1000,227.2100 x 800,28141939
1-10-2018  15:22:24,1-10-2018  15:22:24,227.23,225.74,227.95,227.1800 x 1000,227.2000 x 800,28141939
1-10-2018  15:22:40,1-10-2018  15:22:40,227.23,225.74,227.95,227.17 x 800,227.20 x 800,28141939
1-10-2018  15:22:56,1-10-2018  15:22:56,227.29,225.74,227.95,227.17 x 800,227.19 x 800,28141939
1-10-2018  15:23:12,1-10-2018  15:23:12,227.24,225.74,227.95,227.17 x 800,227.19 x 800,28141939
1-10-2018  15:23:28,1-10-2018  15:23:28,227.26,225.74,227.95,227.17 x 800,227.19 x 800,28141939
1-10-2018  15:23:44,1-10-2018  15:23:44,227.23,225.74,227.95,227.17 x 800,227.11 x 2200,28141939
1-10-2018  15:24:1,1-10-2018  15:24:1,227.2,225.74,227.95,227.1700 x 800,227.1100 x 2200,28141939
1-10-2018  15:24:17,1-10-2018  15:24:17,227.23,225.74,227.95,227.16 x 800,227.11 x 2200,28141939
1-10-2018  15:24:33,1-10-2018  15:24:33,227.14,225.74,227.95,227.16 x 800,227.11 x 2200,28141939
1-10-2018  15:24:49,1-10-2018  15:24:49,227.15,225.74,227.95,227.16 x 800,227.17 x 2200,28141939
1-10-2018  15:25:6,1-10-2018  15:25:6,227.11,225.74,227.95,227.18 x 800,227.17 x 2200,28141939
1-10-2018  15:25:22,1-10-2018  15:25:22,227.12,225.74,227.95,227.18 x 800,227.18 x 2200,28141939
1-10-2018  15:25:38,1-10-2018  15:25:38,227.03,225.74,227.95,227.18 x 800,227.18 x 2200,28141939
1-10-2018  15:25:54,1-10-2018  15:25:54,226.93,225.74,227.95,227.18 x 800,227.18 x 2200,28141939
1-10-2018  15:26:11,1-10-2018  15:26:11,226.8,225.74,227.95,227.14 x 800,227.14 x 2200,28141939
1-10-2018  15:26:27,1-10-2018  15:26:27,226.8275,225.74,227.95,227.14 x 800,227.14 x 2200,28141939
1-10-2018  15:26:43,1-10-2018  15:26:43,226.8423,225.74,227.95,227.01 x 800,227.14 x 2200,28141939
1-10-2018  15:26:59,1-10-2018  15:26:59,226.82,225.74,227.95,227.01 x 800,227.14 x 2200,28141939
1-10-2018  15:27:16,1-10-2018  15:27:16,226.76,225.74,227.95,227.010 x 800,227.010 x 2200,28141939
1-10-2018  15:27:32,1-10-2018  15:27:32,226.7,225.74,227.95,227.0300 x 800,227.0100 x 2200,28141939
1-10-2018  15:27:49,1-10-2018  15:27:49,226.74,225.74,227.95,227.03 x 800,227.00 x 2200,28141939
1-10-2018  15:28:5,1-10-2018  15:28:5,226.65,225.74,227.95,227.0100 x 800,227.0000 x 2200,28141939
1-10-2018  15:28:21,1-10-2018  15:28:21,226.7,225.74,227.95,227.01 x 800,227.00 x 2200,28141939
1-10-2018  15:28:37,1-10-2018  15:28:37,226.7775,225.74,227.95,227.0100 x 800,227.0000 x 2200,28141939
1-10-2018  15:28:53,1-10-2018  15:28:53,226.76,225.74,227.95,227.0000 x 800,227.0400 x 2200,28141939
1-10-2018  15:29:10,1-10-2018  15:29:10,226.7031,225.74,227.95,227.0000 x 800,227.0400 x 2200,28141939
1-10-2018  15:29:26,1-10-2018  15:29:26,226.77,225.74,227.95,227.00 x 800,227.08 x 2200,28141939
1-10-2018  15:29:42,1-10-2018  15:29:42,226.801,225.74,227.95,227.0000 x 800,227.0800 x 2200,28141939
1-10-2018  15:29:59,1-10-2018  15:29:59,226.79,225.74,227.95,227.09 x 800,227.08 x 2200,28141939
1-10-2018  15:30:15,1-10-2018  15:30:15,226.695,225.74,227.95,227.090 x 800,227.170 x 2200,28141939
1-10-2018  15:30:31,1-10-2018  15:30:31,226.68,225.74,227.95,227.14 x 800,227.17 x 2200,28141939
