time,time,Main Price,Prev Close,Open,Bid,Ask,Volume
1-10-2018  9:59:31,1-10-2018  9:59:31,1205.22,1193.47,1199.89,1207.40 x 800,1208.16 x 900,1420526
1-10-2018  9:59:47,1-10-2018  9:59:47,1205.22,1193.47,1199.89,1207.400 x 800,1208.160 x 900,1420526
1-10-2018  10:0:3,1-10-2018  10:0:3,1206.25,1193.47,1199.89,1207.40 x 800,1208.16 x 900,1420526
1-10-2018  10:0:19,1-10-2018  10:0:19,1205.6,1193.47,1199.89,1207.70 x 800,1208.17 x 900,1420526
1-10-2018  10:0:36,1-10-2018  10:0:36,1206.12,1193.47,1199.89,1207.70 x 800,1208.17 x 900,1420526
1-10-2018  10:0:52,1-10-2018  10:0:52,1206.82,1193.47,1199.89,1207.7000 x 800,1208.1700 x 900,1420526
1-10-2018  10:1:7,1-10-2018  10:1:7,1206.82,1193.47,1199.89,1207.91 x 800,1208.78 x 900,1420526
1-10-2018  10:1:24,1-10-2018  10:1:24,1206.72,1193.47,1199.89,1207.91 x 800,1208.78 x 900,1420526
1-10-2018  10:1:40,1-10-2018  10:1:40,1206.55,1193.47,1199.89,1207.91 x 800,1208.78 x 900,1420526
1-10-2018  10:1:56,1-10-2018  10:1:56,1206.0,1193.47,1199.89,1208.04 x 800,1208.63 x 900,1420526
1-10-2018  10:2:12,1-10-2018  10:2:12,1205.59,1193.47,1199.89,1208.04 x 800,1208.63 x 900,1420526
1-10-2018  10:2:28,1-10-2018  10:2:28,1205.29,1193.47,1199.89,1208.04 x 800,1208.63 x 900,1420526
1-10-2018  10:2:44,1-10-2018  10:2:44,1205.36,1193.47,1199.89,1208.04 x 800,1208.63 x 900,1420526
1-10-2018  10:3:0,1-10-2018  10:3:0,1205.36,1193.47,1199.89,1208.04 x 800,1208.63 x 900,1420526
1-10-2018  10:3:16,1-10-2018  10:3:16,1205.66,1193.47,1199.89,1208.040 x 800,1208.630 x 900,1420526
1-10-2018  10:3:32,1-10-2018  10:3:32,1205.66,1193.47,1199.89,1207.15 x 800,1208.03 x 900,1420526
1-10-2018  10:3:48,1-10-2018  10:3:48,1206.02,1193.47,1199.89,1207.15 x 800,1208.03 x 900,1420526
1-10-2018  10:4:4,1-10-2018  10:4:4,1205.47,1193.47,1199.89,1207.15 x 800,1208.03 x 900,1420526
1-10-2018  10:4:20,1-10-2018  10:4:20,1205.1892,1193.47,1199.89,1207.0400 x 800,1207.5000 x 900,1420526
1-10-2018  10:4:37,1-10-2018  10:4:37,1205.1892,1193.47,1199.89,1207.04 x 800,1207.50 x 900,1420526
1-10-2018  10:4:53,1-10-2018  10:4:53,1205.1892,1193.47,1199.89,1207.0400 x 800,1207.5000 x 900,1420526
1-10-2018  10:5:9,1-10-2018  10:5:9,1205.1892,1193.47,1199.89,1207.4200 x 800,1207.9900 x 900,1420526
1-10-2018  10:5:25,1-10-2018  10:5:25,1206.83,1193.47,1199.89,1207.42 x 800,1207.99 x 900,1420526
1-10-2018  10:5:41,1-10-2018  10:5:41,1206.565,1193.47,1199.89,1208.190 x 800,1208.640 x 900,1420526
1-10-2018  10:5:57,1-10-2018  10:5:57,1206.87,1193.47,1199.89,1208.19 x 800,1208.64 x 900,1420526
1-10-2018  10:6:13,1-10-2018  10:6:13,1206.87,1193.47,1199.89,1208.1899 x 800,1208.6400 x 900,1420526
1-10-2018  10:6:29,1-10-2018  10:6:29,1206.87,1193.47,1199.89,1208.1899 x 800,1208.6400 x 900,1420526
1-10-2018  10:6:45,1-10-2018  10:6:45,1207.144,1193.47,1199.89,1209.1700 x 800,1209.3700 x 900,1420526
1-10-2018  10:7:1,1-10-2018  10:7:1,1206.52,1193.47,1199.89,1209.17 x 800,1209.37 x 900,1420526
1-10-2018  10:7:17,1-10-2018  10:7:17,1206.52,1193.47,1199.89,1209.17 x 800,1209.37 x 900,1420526
1-10-2018  10:7:33,1-10-2018  10:7:33,1206.78,1193.47,1199.89,1209.40 x 800,1209.87 x 900,1420526
1-10-2018  10:7:49,1-10-2018  10:7:49,1206.5759,1193.47,1199.89,1209.4000 x 800,1209.8700 x 900,1420526
1-10-2018  10:8:5,1-10-2018  10:8:5,1207.17,1193.47,1199.89,1209.40 x 800,1209.87 x 900,1420526
1-10-2018  10:8:22,1-10-2018  10:8:22,1207.62,1193.47,1199.89,1209.54 x 800,1209.87 x 900,1420526
1-10-2018  10:8:38,1-10-2018  10:8:38,1207.62,1193.47,1199.89,1209.54 x 800,1209.87 x 900,1420526
1-10-2018  10:8:54,1-10-2018  10:8:54,1207.42,1193.47,1199.89,1209.54 x 800,1209.87 x 900,1420526
1-10-2018  10:9:10,1-10-2018  10:9:10,1207.42,1193.47,1199.89,1209.260 x 800,1209.830 x 900,1420526
1-10-2018  10:9:26,1-10-2018  10:9:26,1207.42,1193.47,1199.89,1209.260 x 800,1209.830 x 900,1420526
1-10-2018  10:9:42,1-10-2018  10:9:42,1207.96,1193.47,1199.89,1209.26 x 800,1209.83 x 900,1420526
1-10-2018  10:9:58,1-10-2018  10:9:58,1207.7361,1193.47,1199.89,1209.2600 x 800,1209.8300 x 900,1420526
1-10-2018  10:10:14,1-10-2018  10:10:14,1208.05,1193.47,1199.89,1209.37 x 800,1209.79 x 900,1420526
1-10-2018  10:10:30,1-10-2018  10:10:30,1207.92,1193.47,1199.89,1209.37 x 800,1209.79 x 900,1420526
1-10-2018  10:10:46,1-10-2018  10:10:46,1207.56,1193.47,1199.89,1209.37 x 800,1209.79 x 900,1420526
1-10-2018  10:11:2,1-10-2018  10:11:2,1207.56,1193.47,1199.89,1208.86 x 800,1209.46 x 900,1420526
1-10-2018  10:11:17,1-10-2018  10:11:17,1207.42,1193.47,1199.89,1208.86 x 800,1209.46 x 900,1420526
1-10-2018  10:11:34,1-10-2018  10:11:34,1207.42,1193.47,1199.89,1207.4301 x 800,1208.0300 x 900,1420526
1-10-2018  10:11:50,1-10-2018  10:11:50,1207.84,1193.47,1199.89,1207.43 x 800,1208.03 x 900,1420526
1-10-2018  10:12:6,1-10-2018  10:12:6,1207.84,1193.47,1199.89,1207.43 x 800,1208.03 x 900,1420526
1-10-2018  10:12:21,1-10-2018  10:12:21,1207.845,1193.47,1199.89,1207.430 x 800,1208.030 x 900,1420526
1-10-2018  10:12:37,1-10-2018  10:12:37,1207.845,1193.47,1199.89,1207.430 x 800,1208.030 x 900,1420526
1-10-2018  10:12:53,1-10-2018  10:12:53,1208.0,1193.47,1199.89,1206.43 x 800,1207.39 x 900,1420526
1-10-2018  10:13:9,1-10-2018  10:13:9,1208.1945,1193.47,1199.89,1206.4301 x 800,1207.3900 x 900,1420526
1-10-2018  10:13:25,1-10-2018  10:13:25,1208.1945,1193.47,1199.89,1206.80 x 800,1207.37 x 900,1420526
1-10-2018  10:13:41,1-10-2018  10:13:41,1208.23,1193.47,1199.89,1206.80 x 800,1207.37 x 900,1420526
1-10-2018  10:13:57,1-10-2018  10:13:57,1207.92,1193.47,1199.89,1206.80 x 800,1207.37 x 900,1420526
1-10-2018  10:14:13,1-10-2018  10:14:13,1208.38,1193.47,1199.89,1206.44 x 800,1207.05 x 900,1420526
1-10-2018  10:14:29,1-10-2018  10:14:29,1208.244,1193.47,1199.89,1206.440 x 800,1207.050 x 900,1420526
1-10-2018  10:14:45,1-10-2018  10:14:45,1208.244,1193.47,1199.89,1206.440 x 800,1207.050 x 900,1420526
1-10-2018  10:15:1,1-10-2018  10:15:1,1208.244,1193.47,1199.89,1206.440 x 800,1207.050 x 900,1420526
1-10-2018  10:15:18,1-10-2018  10:15:18,1206.84,1193.47,1199.89,1204.60 x 800,1205.19 x 900,1420526
1-10-2018  10:15:34,1-10-2018  10:15:34,1207.52,1193.47,1199.89,1205.27 x 800,1205.94 x 900,1420526
1-10-2018  10:15:50,1-10-2018  10:15:50,1207.52,1193.47,1199.89,1205.27 x 800,1205.94 x 900,1420526
1-10-2018  10:16:6,1-10-2018  10:16:6,1207.52,1193.47,1199.89,1205.27 x 800,1205.94 x 900,1420526
1-10-2018  10:16:22,1-10-2018  10:16:22,1207.82,1193.47,1199.89,1206.42 x 800,1206.96 x 900,1420526
1-10-2018  10:16:38,1-10-2018  10:16:38,1207.82,1193.47,1199.89,1206.42 x 800,1206.96 x 900,1420526
1-10-2018  10:16:54,1-10-2018  10:16:54,1207.82,1193.47,1199.89,1206.42 x 800,1206.96 x 900,1420526
1-10-2018  10:17:10,1-10-2018  10:17:10,1207.33,1193.47,1199.89,1206.42 x 800,1206.96 x 900,1420526
1-10-2018  10:17:26,1-10-2018  10:17:26,1207.83,1193.47,1199.89,1205.51 x 800,1206.33 x 900,1420526
1-10-2018  10:17:43,1-10-2018  10:17:43,1207.96,1193.47,1199.89,1205.51 x 800,1206.33 x 900,1420526
1-10-2018  10:17:59,1-10-2018  10:17:59,1207.96,1193.47,1199.89,1204.8800 x 800,1205.7100 x 900,1420526
1-10-2018  10:18:15,1-10-2018  10:18:15,1208.1,1193.47,1199.89,1204.88 x 800,1205.71 x 900,1420526
1-10-2018  10:18:31,1-10-2018  10:18:31,1208.1,1193.47,1199.89,1204.88 x 800,1205.71 x 900,1420526
1-10-2018  10:18:47,1-10-2018  10:18:47,1207.9875,1193.47,1199.89,1205.5000 x 800,1206.2900 x 900,1420526
1-10-2018  10:19:3,1-10-2018  10:19:3,1207.99,1193.47,1199.89,1205.50 x 800,1206.29 x 900,1420526
1-10-2018  10:19:19,1-10-2018  10:19:19,1207.99,1193.47,1199.89,1205.50 x 800,1206.29 x 900,1420526
1-10-2018  10:19:35,1-10-2018  10:19:35,1208.1191,1193.47,1199.89,1205.5000 x 800,1206.2900 x 900,1420526
1-10-2018  10:19:51,1-10-2018  10:19:51,1207.63,1193.47,1199.89,1204.85 x 800,1206.08 x 900,1420526
1-10-2018  10:20:7,1-10-2018  10:20:7,1207.64,1193.47,1199.89,1204.85 x 800,1206.08 x 900,1420526
1-10-2018  10:20:23,1-10-2018  10:20:23,1207.64,1193.47,1199.89,1204.85 x 800,1206.08 x 900,1420526
1-10-2018  10:20:39,1-10-2018  10:20:39,1207.64,1193.47,1199.89,1206.17 x 800,1207.01 x 900,1420526
1-10-2018  10:20:55,1-10-2018  10:20:55,1207.64,1193.47,1199.89,1206.17 x 800,1207.01 x 900,1420526
1-10-2018  10:21:11,1-10-2018  10:21:11,1207.832,1193.47,1199.89,1206.170 x 800,1207.010 x 900,1420526
1-10-2018  10:21:27,1-10-2018  10:21:27,1208.1172,1193.47,1199.89,1206.1700 x 800,1207.0100 x 900,1420526
1-10-2018  10:21:43,1-10-2018  10:21:43,1208.117,1193.47,1199.89,1206.720 x 800,1208.150 x 900,1420526
1-10-2018  10:21:59,1-10-2018  10:21:59,1208.1172,1193.47,1199.89,1206.98 x 800,1207.49 x 900,1420526
1-10-2018  10:22:16,1-10-2018  10:22:16,1208.1172,1193.47,1199.89,1206.9800 x 800,1207.4900 x 900,1420526
1-10-2018  10:22:31,1-10-2018  10:22:31,1207.83,1193.47,1199.89,1206.98 x 800,1207.49 x 900,1420526
1-10-2018  10:22:47,1-10-2018  10:22:47,1207.31,1193.47,1199.89,1206.98 x 800,1207.49 x 900,1420526
1-10-2018  10:23:3,1-10-2018  10:23:3,1207.51,1193.47,1199.89,1206.280 x 800,1207.020 x 900,1420526
1-10-2018  10:23:19,1-10-2018  10:23:19,1207.51,1193.47,1199.89,1206.280 x 800,1207.020 x 900,1420526
1-10-2018  10:23:35,1-10-2018  10:23:35,1207.51,1193.47,1199.89,1206.280 x 800,1207.020 x 900,1420526
1-10-2018  10:23:51,1-10-2018  10:23:51,1207.51,1193.47,1199.89,1207.27 x 800,1207.48 x 900,1420526
1-10-2018  10:24:8,1-10-2018  10:24:8,1207.51,1193.47,1199.89,1207.27 x 800,1207.48 x 900,1420526
1-10-2018  10:24:24,1-10-2018  10:24:24,1207.7072,1193.47,1199.89,1207.2700 x 800,1207.4800 x 900,1420526
1-10-2018  10:24:40,1-10-2018  10:24:40,1207.7072,1193.47,1199.89,1207.15 x 800,1207.80 x 900,1420526
1-10-2018  10:24:56,1-10-2018  10:24:56,1207.92,1193.47,1199.89,1207.15 x 800,1207.80 x 900,1420526
1-10-2018  10:25:12,1-10-2018  10:25:12,1208.2605,1193.47,1199.89,1207.1500 x 800,1207.8000 x 900,1420526
1-10-2018  10:25:28,1-10-2018  10:25:28,1208.26,1193.47,1199.89,1207.4100 x 800,1207.9600 x 900,1420526
1-10-2018  10:25:44,1-10-2018  10:25:44,1208.0,1193.47,1199.89,1207.41 x 800,1207.96 x 900,1420526
1-10-2018  10:26:0,1-10-2018  10:26:0,1207.83,1193.47,1199.89,1207.4100 x 800,1207.9600 x 900,1420526
1-10-2018  10:26:16,1-10-2018  10:26:16,1207.8,1193.47,1199.89,1207.72 x 800,1208.28 x 900,1420526
1-10-2018  10:26:32,1-10-2018  10:26:32,1208.06,1193.47,1199.89,1207.72 x 800,1208.28 x 900,1420526
1-10-2018  10:26:48,1-10-2018  10:26:48,1208.06,1193.47,1199.89,1207.42 x 800,1207.84 x 900,1420526
1-10-2018  10:27:4,1-10-2018  10:27:4,1207.7087,1193.47,1199.89,1207.42 x 800,1207.84 x 900,1420526
1-10-2018  10:27:20,1-10-2018  10:27:20,1208.07,1193.47,1199.89,1207.42 x 800,1207.84 x 900,1420526
1-10-2018  10:27:36,1-10-2018  10:27:36,1208.07,1193.47,1199.89,1207.42 x 800,1207.84 x 900,1420526
1-10-2018  10:27:52,1-10-2018  10:27:52,1208.07,1193.47,1199.89,1207.42 x 800,1207.84 x 900,1420526
1-10-2018  10:28:8,1-10-2018  10:28:8,1208.23,1193.47,1199.89,1207.73 x 800,1208.19 x 900,1420526
1-10-2018  10:28:24,1-10-2018  10:28:24,1208.3,1193.47,1199.89,1207.73 x 800,1208.19 x 900,1420526
1-10-2018  10:28:40,1-10-2018  10:28:40,1208.3,1193.47,1199.89,1207.73 x 800,1208.32 x 900,1420526
1-10-2018  10:28:56,1-10-2018  10:28:56,1208.3,1193.47,1199.89,1207.73 x 800,1208.32 x 900,1420526
1-10-2018  10:29:12,1-10-2018  10:29:12,1208.4,1193.47,1199.89,1207.79 x 800,1208.05 x 900,1420526
1-10-2018  10:29:28,1-10-2018  10:29:28,1208.4,1193.47,1199.89,1207.79 x 800,1208.05 x 900,1420526
1-10-2018  10:29:44,1-10-2018  10:29:44,1208.4,1193.47,1199.89,1207.79 x 800,1208.05 x 900,1420526
1-10-2018  10:30:0,1-10-2018  10:30:0,1208.4,1193.47,1199.89,1207.79 x 800,1208.05 x 900,1420526
1-10-2018  10:30:16,1-10-2018  10:30:16,1208.6342,1193.47,1199.89,1207.7900 x 800,1208.3000 x 900,1420526
1-10-2018  10:30:33,1-10-2018  10:30:33,1208.639,1193.47,1199.89,1207.790 x 800,1208.300 x 900,1420526
1-10-2018  10:30:49,1-10-2018  10:30:49,1208.87,1193.47,1199.89,1206.97 x 800,1207.81 x 900,1420526
1-10-2018  10:31:5,1-10-2018  10:31:5,1209.05,1193.47,1199.89,1206.97 x 800,1207.81 x 900,1420526
1-10-2018  10:31:21,1-10-2018  10:31:21,1209.05,1193.47,1199.89,1206.97 x 800,1207.81 x 900,1420526
1-10-2018  10:31:37,1-10-2018  10:31:37,1209.05,1193.47,1199.89,1206.97 x 800,1207.81 x 900,1420526
1-10-2018  10:31:53,1-10-2018  10:31:53,1208.29,1193.47,1199.89,1206.97 x 800,1207.81 x 900,1420526
1-10-2018  10:32:9,1-10-2018  10:32:9,1208.3,1193.47,1199.89,1207.29 x 800,1207.61 x 900,1420526
1-10-2018  10:32:25,1-10-2018  10:32:25,1208.33,1193.47,1199.89,1207.29 x 800,1207.61 x 900,1420526
1-10-2018  10:32:41,1-10-2018  10:32:41,1207.7101,1193.47,1199.89,1207.2900 x 800,1207.6700 x 900,1420526
1-10-2018  10:32:58,1-10-2018  10:32:58,1207.7101,1193.47,1199.89,1207.2900 x 800,1207.6700 x 900,1420526
1-10-2018  10:33:14,1-10-2018  10:33:14,1208.005,1193.47,1199.89,1207.540 x 800,1208.250 x 900,1420526
1-10-2018  10:33:30,1-10-2018  10:33:30,1208.05,1193.47,1199.89,1207.54 x 800,1208.25 x 900,1420526
1-10-2018  10:33:46,1-10-2018  10:33:46,1208.1,1193.47,1199.89,1207.54 x 800,1208.25 x 900,1420526
1-10-2018  10:34:3,1-10-2018  10:34:3,1207.65,1193.47,1199.89,1207.54 x 800,1208.25 x 900,1420526
1-10-2018  10:34:19,1-10-2018  10:34:19,1207.65,1193.47,1199.89,1207.54 x 800,1208.25 x 900,1420526
1-10-2018  10:34:35,1-10-2018  10:34:35,1207.37,1193.47,1199.89,1207.54 x 800,1208.27 x 900,1420526
1-10-2018  10:34:51,1-10-2018  10:34:51,1207.29,1193.47,1199.89,1207.81 x 800,1208.27 x 900,1420526
1-10-2018  10:35:7,1-10-2018  10:35:7,1207.29,1193.47,1199.89,1207.81 x 800,1208.27 x 900,1420526
1-10-2018  10:35:23,1-10-2018  10:35:23,1206.45,1193.47,1199.89,1207.81 x 800,1208.39 x 900,1420526
1-10-2018  10:35:39,1-10-2018  10:35:39,1206.48,1193.47,1199.89,1207.54 x 800,1208.39 x 900,1420526
1-10-2018  10:35:56,1-10-2018  10:35:56,1206.49,1193.47,1199.89,1207.54 x 800,1208.39 x 900,1420526
1-10-2018  10:36:12,1-10-2018  10:36:12,1206.48,1193.47,1199.89,1207.54 x 800,1208.39 x 900,1420526
1-10-2018  10:36:28,1-10-2018  10:36:28,1206.23,1193.47,1199.89,1207.88 x 800,1208.36 x 900,1420526
1-10-2018  10:36:44,1-10-2018  10:36:44,1206.23,1193.47,1199.89,1207.880 x 800,1208.360 x 900,1420526
1-10-2018  10:37:0,1-10-2018  10:37:0,1206.052,1193.47,1199.89,1208.020 x 800,1208.360 x 900,1420526
1-10-2018  10:37:17,1-10-2018  10:37:17,1205.54,1193.47,1199.89,1208.02 x 800,1208.36 x 900,1420526
1-10-2018  10:37:33,1-10-2018  10:37:33,1205.0901,1193.47,1199.89,1208.0200 x 800,1208.6400 x 900,1420526
1-10-2018  10:37:49,1-10-2018  10:37:49,1205.15,1193.47,1199.89,1208.02 x 800,1208.64 x 900,1420526
1-10-2018  10:38:5,1-10-2018  10:38:5,1205.28,1193.47,1199.89,1207.41 x 800,1207.99 x 900,1420526
1-10-2018  10:38:21,1-10-2018  10:38:21,1205.39,1193.47,1199.89,1207.410 x 800,1207.990 x 900,1420526
1-10-2018  10:38:37,1-10-2018  10:38:37,1205.39,1193.47,1199.89,1207.4100 x 800,1207.9900 x 900,1420526
1-10-2018  10:38:53,1-10-2018  10:38:53,1205.39,1193.47,1199.89,1207.4100 x 800,1207.9900 x 900,1420526
1-10-2018  10:39:9,1-10-2018  10:39:9,1205.39,1193.47,1199.89,1207.2400 x 800,1207.8400 x 900,1420526
1-10-2018  10:39:25,1-10-2018  10:39:25,1205.24,1193.47,1199.89,1207.24 x 800,1207.84 x 900,1420526
1-10-2018  10:39:41,1-10-2018  10:39:41,1205.21,1193.47,1199.89,1207.24 x 800,1207.84 x 900,1420526
1-10-2018  10:39:57,1-10-2018  10:39:57,1205.46,1193.47,1199.89,1207.28 x 800,1207.85 x 900,1420526
1-10-2018  10:40:13,1-10-2018  10:40:13,1204.98,1193.47,1199.89,1207.28 x 800,1207.85 x 900,1420526
1-10-2018  10:40:29,1-10-2018  10:40:29,1205.1165,1193.47,1199.89,1207.2800 x 800,1207.8500 x 900,1420526
1-10-2018  10:40:45,1-10-2018  10:40:45,1204.86,1193.47,1199.89,1207.97 x 800,1208.44 x 900,1420526
1-10-2018  10:41:2,1-10-2018  10:41:2,1204.66,1193.47,1199.89,1207.97 x 800,1208.44 x 900,1420526
1-10-2018  10:41:18,1-10-2018  10:41:18,1204.68,1193.47,1199.89,1207.97 x 800,1208.44 x 900,1420526
1-10-2018  10:41:34,1-10-2018  10:41:34,1204.68,1193.47,1199.89,1207.81 x 800,1207.98 x 900,1420526
1-10-2018  10:41:51,1-10-2018  10:41:51,1205.13,1193.47,1199.89,1207.81 x 800,1207.98 x 900,1420526
1-10-2018  10:42:7,1-10-2018  10:42:7,1205.01,1193.47,1199.89,1207.81 x 800,1207.98 x 900,1420526
1-10-2018  10:42:22,1-10-2018  10:42:22,1205.01,1193.47,1199.89,1207.8101 x 800,1207.9800 x 900,1420526
1-10-2018  10:42:39,1-10-2018  10:42:39,1204.83,1193.47,1199.89,1207.76 x 800,1208.14 x 900,1420526
1-10-2018  10:42:55,1-10-2018  10:42:55,1204.83,1193.47,1199.89,1207.91 x 800,1208.14 x 900,1420526
1-10-2018  10:43:11,1-10-2018  10:43:11,1205.0,1193.47,1199.89,1207.76 x 800,1208.14 x 900,1420526
1-10-2018  10:43:27,1-10-2018  10:43:27,1205.0,1193.47,1199.89,1207.91 x 800,1208.33 x 900,1420526
1-10-2018  10:43:43,1-10-2018  10:43:43,1205.0,1193.47,1199.89,1207.91 x 800,1208.33 x 900,1420526
1-10-2018  10:43:59,1-10-2018  10:43:59,1205.0,1193.47,1199.89,1207.91 x 800,1208.33 x 900,1420526
1-10-2018  10:44:15,1-10-2018  10:44:15,1204.9801,1193.47,1199.89,1207.9100 x 800,1208.3300 x 900,1420526
1-10-2018  10:44:31,1-10-2018  10:44:31,1204.98,1193.47,1199.89,1207.9100 x 800,1208.3300 x 900,1420526
1-10-2018  10:44:47,1-10-2018  10:44:47,1204.4,1193.47,1199.89,1207.95 x 800,1208.54 x 900,1420526
1-10-2018  10:45:4,1-10-2018  10:45:4,1204.4,1193.47,1199.89,1207.95 x 800,1208.54 x 900,1420526
1-10-2018  10:45:20,1-10-2018  10:45:20,1204.4,1193.47,1199.89,1207.95 x 800,1208.54 x 900,1420526
1-10-2018  10:45:36,1-10-2018  10:45:36,1204.01,1193.47,1199.89,1207.95 x 800,1208.54 x 900,1420526
1-10-2018  10:45:52,1-10-2018  10:45:52,1203.5548,1193.47,1199.89,1208.3700 x 800,1208.9900 x 900,1420526
1-10-2018  10:46:8,1-10-2018  10:46:8,1204.0,1193.47,1199.89,1208.23 x 800,1208.99 x 900,1420526
1-10-2018  10:46:24,1-10-2018  10:46:24,1204.0,1193.47,1199.89,1208.37 x 800,1208.94 x 900,1420526
1-10-2018  10:46:40,1-10-2018  10:46:40,1204.0,1193.47,1199.89,1208.37 x 800,1208.94 x 900,1420526
1-10-2018  10:46:56,1-10-2018  10:46:56,1204.0,1193.47,1199.89,1208.37 x 800,1208.94 x 900,1420526
1-10-2018  10:47:13,1-10-2018  10:47:13,1204.4666,1193.47,1199.89,1208.6000 x 800,1209.1000 x 900,1420526
1-10-2018  10:47:29,1-10-2018  10:47:29,1204.4666,1193.47,1199.89,1208.6000 x 800,1209.1000 x 900,1420526
1-10-2018  10:47:45,1-10-2018  10:47:45,1204.44,1193.47,1199.89,1208.07 x 800,1208.49 x 900,1420526
1-10-2018  10:48:1,1-10-2018  10:48:1,1204.44,1193.47,1199.89,1208.07 x 800,1208.49 x 900,1420526
1-10-2018  10:48:17,1-10-2018  10:48:17,1204.44,1193.47,1199.89,1208.07 x 800,1208.49 x 900,1420526
1-10-2018  10:48:34,1-10-2018  10:48:34,1204.44,1193.47,1199.89,1207.74 x 800,1208.27 x 900,1420526
1-10-2018  10:48:50,1-10-2018  10:48:50,1204.44,1193.47,1199.89,1207.74 x 800,1208.27 x 900,1420526
1-10-2018  10:49:6,1-10-2018  10:49:6,1204.44,1193.47,1199.89,1207.74 x 800,1208.27 x 900,1420526
1-10-2018  10:49:22,1-10-2018  10:49:22,1204.6,1193.47,1199.89,1207.74 x 800,1207.87 x 900,1420526
1-10-2018  10:49:38,1-10-2018  10:49:38,1204.6,1193.47,1199.89,1207.74 x 800,1207.87 x 900,1420526
1-10-2018  10:49:54,1-10-2018  10:49:54,1204.6,1193.47,1199.89,1207.74 x 800,1207.87 x 900,1420526
1-10-2018  10:50:10,1-10-2018  10:50:10,1204.6,1193.47,1199.89,1206.97 x 800,1207.61 x 900,1420526
1-10-2018  10:50:26,1-10-2018  10:50:26,1204.66,1193.47,1199.89,1206.970 x 800,1207.610 x 900,1420526
1-10-2018  10:50:42,1-10-2018  10:50:42,1205.19,1193.47,1199.89,1206.30 x 800,1207.61 x 900,1420526
1-10-2018  10:50:58,1-10-2018  10:50:58,1205.19,1193.47,1199.89,1206.30 x 800,1207.61 x 900,1420526
1-10-2018  10:51:14,1-10-2018  10:51:14,1205.51,1193.47,1199.89,1206.30 x 800,1206.77 x 900,1420526
1-10-2018  10:51:31,1-10-2018  10:51:31,1205.6,1193.47,1199.89,1206.3000 x 800,1206.7700 x 900,1420526
1-10-2018  10:51:47,1-10-2018  10:51:47,1205.6,1193.47,1199.89,1206.410 x 800,1206.610 x 900,1420526
1-10-2018  10:52:3,1-10-2018  10:52:3,1205.6,1193.47,1199.89,1206.410 x 800,1206.610 x 900,1420526
1-10-2018  10:52:19,1-10-2018  10:52:19,1205.68,1193.47,1199.89,1206.41 x 800,1206.61 x 900,1420526
1-10-2018  10:52:35,1-10-2018  10:52:35,1205.68,1193.47,1199.89,1206.41 x 800,1206.61 x 900,1420526
1-10-2018  10:52:51,1-10-2018  10:52:51,1205.6801,1193.47,1199.89,1206.4100 x 800,1206.6100 x 900,1420526
1-10-2018  10:53:7,1-10-2018  10:53:7,1205.53,1193.47,1199.89,1205.08 x 800,1206.01 x 900,1420526
1-10-2018  10:53:23,1-10-2018  10:53:23,1205.51,1193.47,1199.89,1205.02 x 800,1206.01 x 900,1420526
1-10-2018  10:53:39,1-10-2018  10:53:39,1205.51,1193.47,1199.89,1205.08 x 800,1205.71 x 900,1420526
1-10-2018  10:53:55,1-10-2018  10:53:55,1205.51,1193.47,1199.89,1205.08 x 800,1205.71 x 900,1420526
1-10-2018  10:54:11,1-10-2018  10:54:11,1205.53,1193.47,1199.89,1205.08 x 800,1205.71 x 900,1420526
1-10-2018  10:54:28,1-10-2018  10:54:28,1205.53,1193.47,1199.89,1205.18 x 800,1205.71 x 900,1420526
1-10-2018  10:54:44,1-10-2018  10:54:44,1205.53,1193.47,1199.89,1205.18 x 800,1205.71 x 900,1420526
1-10-2018  10:54:59,1-10-2018  10:54:59,1205.76,1193.47,1199.89,1205.18 x 800,1205.71 x 900,1420526
1-10-2018  10:55:16,1-10-2018  10:55:16,1205.76,1193.47,1199.89,1205.21 x 800,1205.46 x 900,1420526
1-10-2018  10:55:33,1-10-2018  10:55:33,1205.875,1193.47,1199.89,1204.9000 x 800,1205.4600 x 900,1420526
1-10-2018  10:55:49,1-10-2018  10:55:49,1205.875,1193.47,1199.89,1204.9000 x 800,1205.4600 x 900,1420526
1-10-2018  10:56:5,1-10-2018  10:56:5,1205.3,1193.47,1199.89,1204.90 x 800,1205.29 x 900,1420526
1-10-2018  10:56:21,1-10-2018  10:56:21,1205.3,1193.47,1199.89,1204.90 x 800,1205.29 x 900,1420526
1-10-2018  10:56:38,1-10-2018  10:56:38,1205.3,1193.47,1199.89,1204.2400 x 800,1204.9800 x 900,1420526
1-10-2018  10:56:53,1-10-2018  10:56:53,1205.23,1193.47,1199.89,1204.24 x 800,1204.98 x 900,1420526
1-10-2018  10:57:9,1-10-2018  10:57:9,1205.23,1193.47,1199.89,1204.24 x 800,1204.98 x 900,1420526
1-10-2018  10:57:26,1-10-2018  10:57:26,1205.5,1193.47,1199.89,1204.9500 x 800,1205.2000 x 900,1420526
1-10-2018  10:57:41,1-10-2018  10:57:41,1205.5,1193.47,1199.89,1204.9500 x 800,1205.2000 x 900,1420526
1-10-2018  10:57:57,1-10-2018  10:57:57,1205.5,1193.47,1199.89,1204.9500 x 800,1205.2000 x 900,1420526
1-10-2018  10:58:14,1-10-2018  10:58:14,1205.5,1193.47,1199.89,1204.95 x 800,1205.20 x 900,1420526
1-10-2018  10:58:30,1-10-2018  10:58:30,1205.5,1193.47,1199.89,1204.83 x 800,1205.35 x 900,1420526
1-10-2018  10:58:46,1-10-2018  10:58:46,1206.01,1193.47,1199.89,1204.83 x 800,1205.35 x 900,1420526
1-10-2018  10:59:2,1-10-2018  10:59:2,1205.77,1193.47,1199.89,1204.82 x 800,1205.35 x 900,1420526
1-10-2018  10:59:18,1-10-2018  10:59:18,1205.04,1193.47,1199.89,1204.82 x 800,1205.35 x 900,1420526
1-10-2018  10:59:34,1-10-2018  10:59:34,1204.89,1193.47,1199.89,1204.8199 x 800,1205.2100 x 900,1420526
1-10-2018  10:59:50,1-10-2018  10:59:50,1204.89,1193.47,1199.89,1204.820 x 800,1205.210 x 900,1420526
1-10-2018  11:0:6,1-10-2018  11:0:6,1204.89,1193.47,1199.89,1204.83 x 800,1205.27 x 900,1420526
1-10-2018  11:0:22,1-10-2018  11:0:22,1204.5364,1193.47,1199.89,1204.8300 x 800,1205.2700 x 900,1420526
1-10-2018  11:0:39,1-10-2018  11:0:39,1204.81,1193.47,1199.89,1204.83 x 800,1205.27 x 900,1420526
1-10-2018  11:0:55,1-10-2018  11:0:55,1204.5,1193.47,1199.89,1204.83 x 800,1205.27 x 900,1420526
1-10-2018  11:1:11,1-10-2018  11:1:11,1204.5,1193.47,1199.89,1204.0200 x 800,1204.1899 x 900,1420526
1-10-2018  11:1:27,1-10-2018  11:1:27,1204.5,1193.47,1199.89,1204.02 x 800,1204.19 x 900,1420526
1-10-2018  11:1:43,1-10-2018  11:1:43,1204.28,1193.47,1199.89,1204.20 x 800,1204.84 x 900,1420526
1-10-2018  11:1:59,1-10-2018  11:1:59,1204.28,1193.47,1199.89,1204.20 x 800,1204.84 x 900,1420526
1-10-2018  11:2:15,1-10-2018  11:2:15,1204.33,1193.47,1199.89,1204.20 x 800,1204.99 x 900,1420526
1-10-2018  11:2:31,1-10-2018  11:2:31,1204.1,1193.47,1199.89,1204.20 x 800,1204.84 x 900,1420526
1-10-2018  11:2:48,1-10-2018  11:2:48,1204.1,1193.47,1199.89,1204.3500 x 800,1204.9900 x 900,1420526
1-10-2018  11:3:4,1-10-2018  11:3:4,1204.1,1193.47,1199.89,1203.82 x 800,1204.42 x 900,1420526
1-10-2018  11:3:20,1-10-2018  11:3:20,1204.1,1193.47,1199.89,1203.82 x 800,1204.42 x 900,1420526
1-10-2018  11:3:36,1-10-2018  11:3:36,1204.1,1193.47,1199.89,1203.82 x 800,1204.42 x 900,1420526
1-10-2018  11:3:53,1-10-2018  11:3:53,1203.27,1193.47,1199.89,1203.82 x 800,1204.42 x 900,1420526
1-10-2018  11:4:9,1-10-2018  11:4:9,1203.29,1193.47,1199.89,1203.82 x 800,1204.42 x 900,1420526
1-10-2018  11:4:25,1-10-2018  11:4:25,1203.29,1193.47,1199.89,1203.82 x 800,1204.42 x 900,1420526
1-10-2018  11:4:41,1-10-2018  11:4:41,1203.37,1193.47,1199.89,1204.51 x 800,1205.08 x 900,1420526
1-10-2018  11:4:57,1-10-2018  11:4:57,1203.37,1193.47,1199.89,1204.510 x 800,1205.080 x 900,1420526
1-10-2018  11:5:13,1-10-2018  11:5:13,1203.32,1193.47,1199.89,1204.51 x 800,1205.08 x 900,1420526
1-10-2018  11:5:29,1-10-2018  11:5:29,1203.41,1193.47,1199.89,1204.500 x 800,1205.180 x 900,1420526
1-10-2018  11:5:45,1-10-2018  11:5:45,1203.395,1193.47,1199.89,1204.500 x 800,1205.180 x 900,1420526
1-10-2018  11:6:2,1-10-2018  11:6:2,1203.395,1193.47,1199.89,1204.500 x 800,1205.180 x 900,1420526
1-10-2018  11:6:18,1-10-2018  11:6:18,1203.78,1193.47,1199.89,1205.49 x 800,1205.85 x 900,1420526
1-10-2018  11:6:34,1-10-2018  11:6:34,1203.78,1193.47,1199.89,1205.49 x 800,1205.85 x 900,1420526
1-10-2018  11:6:50,1-10-2018  11:6:50,1203.78,1193.47,1199.89,1205.4900 x 800,1205.8500 x 900,1420526
1-10-2018  11:7:6,1-10-2018  11:7:6,1203.78,1193.47,1199.89,1205.5900 x 800,1206.0000 x 900,1420526
1-10-2018  11:7:22,1-10-2018  11:7:22,1203.78,1193.47,1199.89,1205.5900 x 800,1206.0000 x 900,1420526
1-10-2018  11:7:38,1-10-2018  11:7:38,1202.53,1193.47,1199.89,1205.59 x 800,1206.00 x 900,1420526
1-10-2018  11:7:54,1-10-2018  11:7:54,1202.82,1193.47,1199.89,1205.53 x 800,1205.95 x 900,1420526
1-10-2018  11:8:10,1-10-2018  11:8:10,1203.05,1193.47,1199.89,1205.53 x 800,1205.95 x 900,1420526
1-10-2018  11:8:27,1-10-2018  11:8:27,1203.045,1193.47,1199.89,1205.530 x 800,1205.950 x 900,1420526
1-10-2018  11:8:43,1-10-2018  11:8:43,1203.05,1193.47,1199.89,1205.53 x 800,1205.95 x 900,1420526
1-10-2018  11:8:59,1-10-2018  11:8:59,1202.02,1193.47,1199.89,1205.16 x 800,1205.62 x 900,1420526
1-10-2018  11:9:16,1-10-2018  11:9:16,1202.34,1193.47,1199.89,1205.16 x 800,1205.62 x 900,1420526
1-10-2018  11:9:32,1-10-2018  11:9:32,1202.64,1193.47,1199.89,1205.1600 x 800,1205.6200 x 900,1420526
1-10-2018  11:9:48,1-10-2018  11:9:48,1202.91,1193.47,1199.89,1205.42 x 800,1205.97 x 900,1420526
1-10-2018  11:10:4,1-10-2018  11:10:4,1203.46,1193.47,1199.89,1205.42 x 800,1205.97 x 900,1420526
1-10-2018  11:10:20,1-10-2018  11:10:20,1203.46,1193.47,1199.89,1205.4200 x 800,1205.9700 x 900,1420526
1-10-2018  11:10:36,1-10-2018  11:10:36,1203.27,1193.47,1199.89,1205.42 x 800,1205.97 x 900,1420526
1-10-2018  11:10:52,1-10-2018  11:10:52,1202.9,1193.47,1199.89,1205.74 x 800,1206.04 x 900,1420526
1-10-2018  11:11:9,1-10-2018  11:11:9,1202.9,1193.47,1199.89,1205.74 x 800,1206.04 x 900,1420526
1-10-2018  11:11:25,1-10-2018  11:11:25,1202.9,1193.47,1199.89,1205.74 x 800,1206.04 x 900,1420526
1-10-2018  11:11:41,1-10-2018  11:11:41,1203.35,1193.47,1199.89,1205.05 x 800,1205.49 x 900,1420526
1-10-2018  11:11:57,1-10-2018  11:11:57,1203.35,1193.47,1199.89,1205.05 x 800,1205.49 x 900,1420526
1-10-2018  11:12:13,1-10-2018  11:12:13,1203.35,1193.47,1199.89,1205.05 x 800,1205.49 x 900,1420526
1-10-2018  11:12:29,1-10-2018  11:12:29,1203.6,1193.47,1199.89,1204.73 x 800,1205.34 x 900,1420526
1-10-2018  11:12:45,1-10-2018  11:12:45,1203.6,1193.47,1199.89,1204.73 x 800,1205.34 x 900,1420526
1-10-2018  11:13:1,1-10-2018  11:13:1,1203.67,1193.47,1199.89,1204.73 x 800,1205.34 x 900,1420526
1-10-2018  11:13:18,1-10-2018  11:13:18,1203.67,1193.47,1199.89,1204.73 x 800,1205.34 x 900,1420526
1-10-2018  11:13:34,1-10-2018  11:13:34,1203.84,1193.47,1199.89,1204.73 x 800,1205.34 x 900,1420526
1-10-2018  11:13:50,1-10-2018  11:13:50,1203.84,1193.47,1199.89,1205.66 x 800,1206.00 x 900,1420526
1-10-2018  11:14:14,1-10-2018  11:14:14,1203.84,1193.47,1199.89,1205.6600 x 800,1206.0000 x 900,1420526
1-10-2018  11:14:31,1-10-2018  11:14:31,1203.43,1193.47,1199.89,1205.66 x 800,1206.00 x 900,1420526
1-10-2018  11:14:47,1-10-2018  11:14:47,1203.43,1193.47,1199.89,1204.89 x 800,1205.12 x 900,1420526
1-10-2018  11:15:3,1-10-2018  11:15:3,1203.43,1193.47,1199.89,1204.89 x 800,1205.12 x 900,1420526
1-10-2018  11:15:20,1-10-2018  11:15:20,1203.43,1193.47,1199.89,1204.89 x 800,1205.12 x 900,1420526
1-10-2018  11:15:36,1-10-2018  11:15:36,1203.43,1193.47,1199.89,1204.32 x 800,1205.03 x 900,1420526
1-10-2018  11:15:52,1-10-2018  11:15:52,1203.43,1193.47,1199.89,1204.32 x 800,1205.03 x 900,1420526
1-10-2018  11:16:8,1-10-2018  11:16:8,1203.43,1193.47,1199.89,1204.32 x 800,1205.03 x 900,1420526
1-10-2018  11:16:24,1-10-2018  11:16:24,1203.49,1193.47,1199.89,1204.32 x 800,1205.03 x 900,1420526
1-10-2018  11:16:40,1-10-2018  11:16:40,1203.49,1193.47,1199.89,1204.22 x 800,1204.65 x 900,1420526
1-10-2018  11:16:56,1-10-2018  11:16:56,1202.79,1193.47,1199.89,1204.22 x 800,1204.65 x 900,1420526
1-10-2018  11:17:12,1-10-2018  11:17:12,1202.79,1193.47,1199.89,1204.22 x 800,1204.65 x 900,1420526
1-10-2018  11:17:29,1-10-2018  11:17:29,1202.9,1193.47,1199.89,1203.75 x 800,1204.51 x 900,1420526
1-10-2018  11:17:45,1-10-2018  11:17:45,1202.9,1193.47,1199.89,1203.75 x 800,1204.51 x 900,1420526
1-10-2018  11:18:1,1-10-2018  11:18:1,1202.9,1193.47,1199.89,1203.75 x 800,1204.51 x 900,1420526
1-10-2018  11:18:18,1-10-2018  11:18:18,1202.71,1193.47,1199.89,1203.75 x 800,1204.51 x 900,1420526
1-10-2018  11:18:34,1-10-2018  11:18:34,1202.71,1193.47,1199.89,1203.64 x 800,1204.26 x 900,1420526
1-10-2018  11:18:50,1-10-2018  11:18:50,1203.06,1193.47,1199.89,1203.64 x 800,1204.26 x 900,1420526
1-10-2018  11:19:6,1-10-2018  11:19:6,1202.905,1193.47,1199.89,1203.640 x 800,1204.260 x 900,1420526
1-10-2018  11:19:22,1-10-2018  11:19:22,1202.905,1193.47,1199.89,1203.640 x 800,1204.170 x 900,1420526
1-10-2018  11:19:47,1-10-2018  11:19:47,1203.2,1193.47,1199.89,1203.30 x 800,1203.82 x 900,1420526
1-10-2018  11:20:3,1-10-2018  11:20:3,1203.75,1193.47,1199.89,1203.30 x 800,1203.82 x 900,1420526
1-10-2018  11:20:19,1-10-2018  11:20:19,1203.8,1193.47,1199.89,1203.32 x 800,1203.89 x 900,1420526
1-10-2018  11:20:35,1-10-2018  11:20:35,1204.04,1193.47,1199.89,1203.32 x 800,1203.89 x 900,1420526
1-10-2018  11:20:51,1-10-2018  11:20:51,1203.985,1193.47,1199.89,1203.320 x 800,1203.890 x 900,1420526
1-10-2018  11:21:7,1-10-2018  11:21:7,1203.985,1193.47,1199.89,1203.320 x 800,1203.620 x 900,1420526
1-10-2018  11:21:23,1-10-2018  11:21:23,1203.985,1193.47,1199.89,1203.17 x 800,1203.62 x 900,1420526
1-10-2018  11:21:39,1-10-2018  11:21:39,1203.96,1193.47,1199.89,1203.17 x 800,1203.62 x 900,1420526
1-10-2018  11:21:55,1-10-2018  11:21:55,1203.85,1193.47,1199.89,1203.17 x 800,1203.62 x 900,1420526
1-10-2018  11:22:11,1-10-2018  11:22:11,1203.86,1193.47,1199.89,1203.50 x 800,1204.18 x 900,1420526
1-10-2018  11:22:27,1-10-2018  11:22:27,1203.76,1193.47,1199.89,1203.50 x 800,1204.18 x 900,1420526
1-10-2018  11:22:43,1-10-2018  11:22:43,1203.85,1193.47,1199.89,1203.50 x 800,1203.63 x 900,1420526
1-10-2018  11:22:59,1-10-2018  11:22:59,1204.02,1193.47,1199.89,1203.50 x 800,1203.63 x 900,1420526
1-10-2018  11:23:16,1-10-2018  11:23:16,1204.02,1193.47,1199.89,1203.5000 x 800,1203.6300 x 900,1420526
1-10-2018  11:23:32,1-10-2018  11:23:32,1204.02,1193.47,1199.89,1202.770 x 800,1203.310 x 900,1420526
1-10-2018  11:23:48,1-10-2018  11:23:48,1204.55,1193.47,1199.89,1202.78 x 800,1203.31 x 900,1420526
1-10-2018  11:24:5,1-10-2018  11:24:5,1204.2,1193.47,1199.89,1202.7800 x 800,1203.3101 x 900,1420526
1-10-2018  11:24:21,1-10-2018  11:24:21,1204.59,1193.47,1199.89,1202.78 x 800,1202.51 x 900,1420526
1-10-2018  11:24:37,1-10-2018  11:24:37,1204.59,1193.47,1199.89,1202.78 x 800,1202.51 x 900,1420526
1-10-2018  11:24:53,1-10-2018  11:24:53,1203.93,1193.47,1199.89,1202.78 x 800,1202.51 x 900,1420526
1-10-2018  11:25:9,1-10-2018  11:25:9,1203.8236,1193.47,1199.89,1202.5601 x 800,1202.5100 x 900,1420526
1-10-2018  11:25:26,1-10-2018  11:25:26,1203.29,1193.47,1199.89,1202.56 x 800,1202.51 x 900,1420526
1-10-2018  11:25:42,1-10-2018  11:25:42,1203.58,1193.47,1199.89,1202.56 x 800,1202.51 x 900,1420526
1-10-2018  11:25:58,1-10-2018  11:25:58,1203.58,1193.47,1199.89,1203.020 x 800,1203.460 x 900,1420526
1-10-2018  11:26:14,1-10-2018  11:26:14,1203.505,1193.47,1199.89,1203.0200 x 800,1203.4600 x 900,1420526
1-10-2018  11:26:30,1-10-2018  11:26:30,1203.51,1193.47,1199.89,1203.0200 x 800,1203.4600 x 900,1420526
1-10-2018  11:26:47,1-10-2018  11:26:47,1204.115,1193.47,1199.89,1202.630 x 800,1203.350 x 900,1420526
1-10-2018  11:27:3,1-10-2018  11:27:3,1204.115,1193.47,1199.89,1202.630 x 800,1203.350 x 900,1420526
1-10-2018  11:27:19,1-10-2018  11:27:19,1204.175,1193.47,1199.89,1202.950 x 800,1203.520 x 900,1420526
1-10-2018  11:27:36,1-10-2018  11:27:36,1203.54,1193.47,1199.89,1202.95 x 800,1203.52 x 900,1420526
1-10-2018  11:27:52,1-10-2018  11:27:52,1203.53,1193.47,1199.89,1202.95 x 800,1203.52 x 900,1420526
1-10-2018  11:28:8,1-10-2018  11:28:8,1203.94,1193.47,1199.89,1202.95 x 800,1203.52 x 900,1420526
1-10-2018  11:28:24,1-10-2018  11:28:24,1203.94,1193.47,1199.89,1203.26 x 800,1203.69 x 900,1420526
1-10-2018  11:28:40,1-10-2018  11:28:40,1203.95,1193.47,1199.89,1203.26 x 800,1203.69 x 900,1420526
1-10-2018  11:28:57,1-10-2018  11:28:57,1203.89,1193.47,1199.89,1203.26 x 800,1203.69 x 900,1420526
1-10-2018  11:29:13,1-10-2018  11:29:13,1203.97,1193.47,1199.89,1203.40 x 800,1204.06 x 900,1420526
1-10-2018  11:29:29,1-10-2018  11:29:29,1203.44,1193.47,1199.89,1203.40 x 800,1204.06 x 900,1420526
1-10-2018  11:29:45,1-10-2018  11:29:45,1202.77,1193.47,1199.89,1203.40 x 800,1204.06 x 900,1420526
1-10-2018  11:30:1,1-10-2018  11:30:1,1202.68,1193.47,1199.89,1203.40 x 800,1204.06 x 900,1420526
1-10-2018  11:30:17,1-10-2018  11:30:17,1202.55,1193.47,1199.89,1203.29 x 800,1203.83 x 900,1420526
1-10-2018  11:30:34,1-10-2018  11:30:34,1202.2,1193.47,1199.89,1203.29 x 800,1203.83 x 900,1420526
1-10-2018  11:30:50,1-10-2018  11:30:50,1202.2,1193.47,1199.89,1203.29 x 800,1203.83 x 900,1420526
1-10-2018  11:31:6,1-10-2018  11:31:6,1202.2,1193.47,1199.89,1203.2900 x 800,1203.8300 x 900,1420526
1-10-2018  11:31:22,1-10-2018  11:31:22,1201.69,1193.47,1199.89,1203.26 x 800,1203.75 x 900,1420526
1-10-2018  11:31:38,1-10-2018  11:31:38,1202.015,1193.47,1199.89,1203.260 x 800,1203.750 x 900,1420526
1-10-2018  11:31:54,1-10-2018  11:31:54,1202.015,1193.47,1199.89,1203.260 x 800,1203.750 x 900,1420526
1-10-2018  11:32:10,1-10-2018  11:32:10,1202.015,1193.47,1199.89,1203.260 x 800,1203.750 x 900,1420526
1-10-2018  11:32:26,1-10-2018  11:32:26,1202.05,1193.47,1199.89,1201.33 x 800,1203.13 x 900,1420526
1-10-2018  11:32:42,1-10-2018  11:32:42,1202.26,1193.47,1199.89,1201.33 x 800,1203.13 x 900,1420526
1-10-2018  11:32:58,1-10-2018  11:32:58,1202.31,1193.47,1199.89,1201.33 x 800,1203.13 x 900,1420526
1-10-2018  11:33:15,1-10-2018  11:33:15,1202.445,1193.47,1199.89,1201.330 x 800,1203.130 x 900,1420526
1-10-2018  11:33:31,1-10-2018  11:33:31,1202.4,1193.47,1199.89,1201.3300 x 800,1203.1300 x 900,1420526
1-10-2018  11:33:48,1-10-2018  11:33:48,1202.4,1193.47,1199.89,1202.3199 x 800,1202.8900 x 900,1420526
1-10-2018  11:34:4,1-10-2018  11:34:4,1202.4,1193.47,1199.89,1202.3199 x 800,1202.8900 x 900,1420526
1-10-2018  11:34:21,1-10-2018  11:34:21,1202.4,1193.47,1199.89,1202.3199 x 800,1202.8900 x 900,1420526
1-10-2018  11:34:37,1-10-2018  11:34:37,1202.38,1193.47,1199.89,1202.530 x 800,1203.230 x 900,1420526
1-10-2018  11:34:54,1-10-2018  11:34:54,1202.38,1193.47,1199.89,1202.530 x 800,1203.230 x 900,1420526
1-10-2018  11:35:10,1-10-2018  11:35:10,1202.3687,1193.47,1199.89,1202.5300 x 800,1203.2300 x 900,1420526
1-10-2018  11:35:26,1-10-2018  11:35:26,1202.74,1193.47,1199.89,1202.6801 x 800,1203.9900 x 900,1420526
1-10-2018  11:35:42,1-10-2018  11:35:42,1202.74,1193.47,1199.89,1202.6801 x 800,1203.9900 x 900,1420526
1-10-2018  11:35:58,1-10-2018  11:35:58,1202.87,1193.47,1199.89,1203.950 x 800,1203.990 x 900,1420526
1-10-2018  11:36:14,1-10-2018  11:36:14,1202.54,1193.47,1199.89,1203.95 x 800,1203.99 x 900,1420526
1-10-2018  11:36:30,1-10-2018  11:36:30,1202.54,1193.47,1199.89,1203.95 x 800,1203.99 x 900,1420526
1-10-2018  11:36:46,1-10-2018  11:36:46,1202.55,1193.47,1199.89,1203.95 x 800,1203.99 x 900,1420526
1-10-2018  11:37:3,1-10-2018  11:37:3,1202.28,1193.47,1199.89,1203.85 x 800,1204.32 x 900,1420526
1-10-2018  11:37:19,1-10-2018  11:37:19,1202.48,1193.47,1199.89,1203.85 x 800,1204.32 x 900,1420526
1-10-2018  11:37:35,1-10-2018  11:37:35,1202.48,1193.47,1199.89,1203.56 x 800,1204.10 x 900,1420526
1-10-2018  11:37:51,1-10-2018  11:37:51,1202.48,1193.47,1199.89,1203.56 x 800,1204.10 x 900,1420526
1-10-2018  11:38:7,1-10-2018  11:38:7,1202.48,1193.47,1199.89,1203.5601 x 800,1204.1000 x 900,1420526
1-10-2018  11:38:23,1-10-2018  11:38:23,1202.48,1193.47,1199.89,1203.5601 x 800,1204.1000 x 900,1420526
1-10-2018  11:38:40,1-10-2018  11:38:40,1202.48,1193.47,1199.89,1203.65 x 800,1204.29 x 900,1420526
1-10-2018  11:38:56,1-10-2018  11:38:56,1202.97,1193.47,1199.89,1203.65 x 800,1204.29 x 900,1420526
1-10-2018  11:39:12,1-10-2018  11:39:12,1202.97,1193.47,1199.89,1204.24 x 800,1204.68 x 900,1420526
1-10-2018  11:39:28,1-10-2018  11:39:28,1203.01,1193.47,1199.89,1204.24 x 800,1204.68 x 900,1420526
1-10-2018  11:39:45,1-10-2018  11:39:45,1203.04,1193.47,1199.89,1204.24 x 800,1204.68 x 900,1420526
1-10-2018  11:40:1,1-10-2018  11:40:1,1203.04,1193.47,1199.89,1204.24 x 800,1204.68 x 900,1420526
1-10-2018  11:40:17,1-10-2018  11:40:17,1203.035,1193.47,1199.89,1203.7000 x 800,1204.4500 x 900,1420526
1-10-2018  11:40:33,1-10-2018  11:40:33,1203.04,1193.47,1199.89,1203.70 x 800,1204.45 x 900,1420526
1-10-2018  11:40:50,1-10-2018  11:40:50,1203.41,1193.47,1199.89,1203.15 x 800,1203.71 x 900,1420526
1-10-2018  11:41:5,1-10-2018  11:41:5,1203.35,1193.47,1199.89,1203.15 x 800,1203.71 x 900,1420526
1-10-2018  11:41:22,1-10-2018  11:41:22,1203.33,1193.47,1199.89,1203.1500 x 800,1203.7100 x 900,1420526
1-10-2018  11:41:38,1-10-2018  11:41:38,1203.33,1193.47,1199.89,1203.1500 x 800,1203.7100 x 900,1420526
1-10-2018  11:41:54,1-10-2018  11:41:54,1203.33,1193.47,1199.89,1203.1500 x 800,1203.7100 x 900,1420526
1-10-2018  11:42:10,1-10-2018  11:42:10,1203.15,1193.47,1199.89,1203.38 x 800,1203.84 x 900,1420526
1-10-2018  11:42:27,1-10-2018  11:42:27,1202.9592,1193.47,1199.89,1203.3800 x 800,1203.8400 x 900,1420526
1-10-2018  11:42:43,1-10-2018  11:42:43,1202.96,1193.47,1199.89,1203.38 x 800,1203.84 x 900,1420526
1-10-2018  11:42:59,1-10-2018  11:42:59,1202.74,1193.47,1199.89,1203.86 x 800,1204.49 x 900,1420526
1-10-2018  11:43:15,1-10-2018  11:43:15,1202.65,1193.47,1199.89,1203.86 x 800,1204.49 x 900,1420526
1-10-2018  11:43:31,1-10-2018  11:43:31,1202.72,1193.47,1199.89,1203.51 x 800,1204.02 x 900,1420526
1-10-2018  11:43:47,1-10-2018  11:43:47,1203.1,1193.47,1199.89,1203.51 x 800,1204.02 x 900,1420526
1-10-2018  11:44:3,1-10-2018  11:44:3,1203.1,1193.47,1199.89,1203.6300 x 800,1204.1300 x 900,1420526
1-10-2018  11:44:20,1-10-2018  11:44:20,1203.01,1193.47,1199.89,1203.63 x 800,1204.13 x 900,1420526
1-10-2018  11:44:36,1-10-2018  11:44:36,1202.98,1193.47,1199.89,1203.63 x 800,1204.13 x 900,1420526
1-10-2018  11:44:52,1-10-2018  11:44:52,1202.58,1193.47,1199.89,1203.63 x 800,1204.13 x 900,1420526
1-10-2018  11:45:8,1-10-2018  11:45:8,1202.58,1193.47,1199.89,1202.69 x 800,1203.32 x 900,1420526
1-10-2018  11:45:24,1-10-2018  11:45:24,1202.58,1193.47,1199.89,1202.69 x 800,1203.32 x 900,1420526
1-10-2018  11:45:40,1-10-2018  11:45:40,1202.58,1193.47,1199.89,1202.69 x 800,1203.32 x 900,1420526
1-10-2018  11:45:56,1-10-2018  11:45:56,1202.58,1193.47,1199.89,1202.21 x 800,1202.97 x 900,1420526
1-10-2018  11:46:13,1-10-2018  11:46:13,1202.58,1193.47,1199.89,1202.21 x 800,1202.97 x 900,1420526
1-10-2018  11:46:29,1-10-2018  11:46:29,1202.58,1193.47,1199.89,1202.21 x 800,1202.97 x 900,1420526
1-10-2018  11:46:45,1-10-2018  11:46:45,1202.58,1193.47,1199.89,1201.56 x 800,1202.40 x 900,1420526
1-10-2018  11:47:2,1-10-2018  11:47:2,1202.67,1193.47,1199.89,1201.56 x 800,1202.40 x 900,1420526
1-10-2018  11:47:18,1-10-2018  11:47:18,1202.71,1193.47,1199.89,1201.86 x 800,1202.33 x 900,1420526
1-10-2018  11:47:34,1-10-2018  11:47:34,1202.71,1193.47,1199.89,1201.86 x 800,1202.33 x 900,1420526
1-10-2018  11:47:50,1-10-2018  11:47:50,1202.71,1193.47,1199.89,1201.86 x 800,1202.33 x 900,1420526
1-10-2018  11:48:6,1-10-2018  11:48:6,1202.71,1193.47,1199.89,1201.86 x 800,1202.33 x 900,1420526
1-10-2018  11:48:23,1-10-2018  11:48:23,1203.09,1193.47,1199.89,1201.86 x 800,1202.33 x 900,1420526
1-10-2018  11:48:39,1-10-2018  11:48:39,1203.13,1193.47,1199.89,1202.19 x 800,1202.78 x 900,1420526
1-10-2018  11:48:55,1-10-2018  11:48:55,1203.13,1193.47,1199.89,1202.19 x 800,1202.78 x 900,1420526
1-10-2018  11:49:12,1-10-2018  11:49:12,1203.3254,1193.47,1199.89,1202.1899 x 800,1202.7800 x 900,1420526
1-10-2018  11:49:28,1-10-2018  11:49:28,1203.4,1193.47,1199.89,1202.19 x 800,1202.57 x 900,1420526
1-10-2018  11:49:44,1-10-2018  11:49:44,1203.4,1193.47,1199.89,1202.19 x 800,1202.57 x 900,1420526
1-10-2018  11:50:0,1-10-2018  11:50:0,1203.4,1193.47,1199.89,1202.19 x 800,1202.57 x 900,1420526
1-10-2018  11:50:16,1-10-2018  11:50:16,1203.4,1193.47,1199.89,1202.30 x 800,1202.79 x 900,1420526
1-10-2018  11:50:32,1-10-2018  11:50:32,1203.4,1193.47,1199.89,1202.30 x 800,1202.79 x 900,1420526
1-10-2018  11:50:48,1-10-2018  11:50:48,1203.66,1193.47,1199.89,1202.30 x 800,1202.79 x 900,1420526
1-10-2018  11:51:4,1-10-2018  11:51:4,1203.66,1193.47,1199.89,1202.33 x 800,1202.79 x 900,1420526
1-10-2018  11:51:21,1-10-2018  11:51:21,1202.985,1193.47,1199.89,1202.330 x 800,1202.790 x 900,1420526
1-10-2018  11:51:37,1-10-2018  11:51:37,1202.98,1193.47,1199.89,1202.60 x 800,1203.12 x 900,1420526
1-10-2018  11:51:53,1-10-2018  11:51:53,1202.98,1193.47,1199.89,1202.60 x 800,1203.12 x 900,1420526
1-10-2018  11:52:9,1-10-2018  11:52:9,1202.42,1193.47,1199.89,1202.60 x 800,1203.12 x 900,1420526
1-10-2018  11:52:26,1-10-2018  11:52:26,1202.42,1193.47,1199.89,1202.60 x 800,1203.12 x 900,1420526
1-10-2018  11:52:42,1-10-2018  11:52:42,1202.46,1193.47,1199.89,1202.05 x 800,1202.47 x 900,1420526
1-10-2018  11:52:58,1-10-2018  11:52:58,1202.52,1193.47,1199.89,1202.05 x 800,1202.47 x 900,1420526
1-10-2018  11:53:14,1-10-2018  11:53:14,1202.33,1193.47,1199.89,1202.05 x 800,1202.47 x 900,1420526
1-10-2018  11:53:31,1-10-2018  11:53:31,1202.17,1193.47,1199.89,1202.05 x 800,1202.47 x 900,1420526
1-10-2018  11:53:47,1-10-2018  11:53:47,1202.17,1193.47,1199.89,1202.6500 x 800,1203.1500 x 900,1420526
1-10-2018  11:54:3,1-10-2018  11:54:3,1202.26,1193.47,1199.89,1202.65 x 800,1203.15 x 900,1420526
1-10-2018  11:54:20,1-10-2018  11:54:20,1201.69,1193.47,1199.89,1202.65 x 800,1203.15 x 900,1420526
1-10-2018  11:54:35,1-10-2018  11:54:35,1201.56,1193.47,1199.89,1202.65 x 800,1203.15 x 900,1420526
1-10-2018  11:54:51,1-10-2018  11:54:51,1200.46,1193.47,1199.89,1202.78 x 800,1203.25 x 900,1420526
1-10-2018  11:55:8,1-10-2018  11:55:8,1200.46,1193.47,1199.89,1202.780 x 800,1203.250 x 900,1420526
1-10-2018  11:55:24,1-10-2018  11:55:24,1199.85,1193.47,1199.89,1202.78 x 800,1203.25 x 900,1420526
1-10-2018  11:55:40,1-10-2018  11:55:40,1200.33,1193.47,1199.89,1202.77 x 800,1203.25 x 900,1420526
1-10-2018  11:55:56,1-10-2018  11:55:56,1200.1,1193.47,1199.89,1202.77 x 800,1203.25 x 900,1420526
1-10-2018  11:56:12,1-10-2018  11:56:12,1200.1,1193.47,1199.89,1202.77 x 800,1203.25 x 900,1420526
1-10-2018  11:56:28,1-10-2018  11:56:28,1200.1,1193.47,1199.89,1203.23 x 800,1203.89 x 900,1420526
1-10-2018  11:56:45,1-10-2018  11:56:45,1200.0212,1193.47,1199.89,1203.2300 x 800,1203.8900 x 900,1420526
1-10-2018  11:57:1,1-10-2018  11:57:1,1200.021,1193.47,1199.89,1203.010 x 800,1203.550 x 900,1420526
1-10-2018  11:57:17,1-10-2018  11:57:17,1200.72,1193.47,1199.89,1203.01 x 800,1203.55 x 900,1420526
1-10-2018  11:57:46,1-10-2018  11:57:46,1200.72,1193.47,1199.89,1202.760 x 800,1203.410 x 900,1420526
1-10-2018  11:58:3,1-10-2018  11:58:3,1200.72,1193.47,1199.89,1202.760 x 800,1203.410 x 900,1420526
1-10-2018  11:58:19,1-10-2018  11:58:19,1201.085,1193.47,1199.89,1202.760 x 800,1203.410 x 900,1420526
1-10-2018  11:58:35,1-10-2018  11:58:35,1201.08,1193.47,1199.89,1202.760 x 800,1203.410 x 900,1420526
1-10-2018  11:58:51,1-10-2018  11:58:51,1201.08,1193.47,1199.89,1202.32 x 800,1202.93 x 900,1420526
1-10-2018  11:59:8,1-10-2018  11:59:8,1201.085,1193.47,1199.89,1202.3199 x 800,1202.9301 x 900,1420526
1-10-2018  11:59:24,1-10-2018  11:59:24,1201.085,1193.47,1199.89,1203.02 x 800,1203.56 x 900,1420526
1-10-2018  11:59:40,1-10-2018  11:59:40,1201.085,1193.47,1199.89,1203.020 x 800,1203.560 x 900,1420526
1-10-2018  11:59:56,1-10-2018  11:59:56,1201.085,1193.47,1199.89,1203.020 x 800,1203.560 x 900,1420526
1-10-2018  12:0:12,1-10-2018  12:0:12,1201.085,1193.47,1199.89,1203.020 x 800,1203.560 x 900,1420526
1-10-2018  12:0:28,1-10-2018  12:0:28,1201.08,1193.47,1199.89,1202.19 x 800,1202.79 x 900,1420526
1-10-2018  12:0:44,1-10-2018  12:0:44,1201.08,1193.47,1199.89,1202.19 x 800,1202.79 x 900,1420526
1-10-2018  12:1:0,1-10-2018  12:1:0,1200.0,1193.47,1199.89,1202.28 x 800,1202.79 x 900,1420526
1-10-2018  12:1:16,1-10-2018  12:1:16,1199.86,1193.47,1199.89,1202.28 x 800,1202.88 x 900,1420526
1-10-2018  12:1:32,1-10-2018  12:1:32,1199.46,1193.47,1199.89,1202.28 x 800,1202.88 x 900,1420526
1-10-2018  12:1:49,1-10-2018  12:1:49,1199.83,1193.47,1199.89,1202.2800 x 800,1202.8800 x 900,1420526
1-10-2018  12:2:5,1-10-2018  12:2:5,1199.83,1193.47,1199.89,1202.08 x 800,1202.65 x 900,1420526
1-10-2018  12:2:21,1-10-2018  12:2:21,1199.96,1193.47,1199.89,1202.08 x 800,1202.65 x 900,1420526
1-10-2018  12:2:37,1-10-2018  12:2:37,1199.825,1193.47,1199.89,1202.530 x 800,1203.070 x 900,1420526
1-10-2018  12:2:54,1-10-2018  12:2:54,1199.72,1193.47,1199.89,1202.08 x 800,1202.65 x 900,1420526
1-10-2018  12:3:11,1-10-2018  12:3:11,1199.72,1193.47,1199.89,1202.53 x 800,1203.07 x 900,1420526
1-10-2018  12:3:27,1-10-2018  12:3:27,1200.0,1193.47,1199.89,1202.53 x 800,1203.07 x 900,1420526
1-10-2018  12:3:43,1-10-2018  12:3:43,1200.0,1193.47,1199.89,1202.57 x 800,1203.09 x 900,1420526
1-10-2018  12:4:0,1-10-2018  12:4:0,1199.5,1193.47,1199.89,1202.57 x 800,1203.09 x 900,1420526
1-10-2018  12:4:16,1-10-2018  12:4:16,1199.5,1193.47,1199.89,1202.57 x 800,1203.09 x 900,1420526
1-10-2018  12:4:32,1-10-2018  12:4:32,1199.5,1193.47,1199.89,1202.86 x 800,1203.89 x 900,1420526
1-10-2018  12:4:48,1-10-2018  12:4:48,1200.13,1193.47,1199.89,1202.86 x 800,1203.89 x 900,1420526
1-10-2018  12:5:4,1-10-2018  12:5:4,1200.13,1193.47,1199.89,1202.8600 x 800,1203.8900 x 900,1420526
1-10-2018  12:5:21,1-10-2018  12:5:21,1200.21,1193.47,1199.89,1202.86 x 800,1203.89 x 900,1420526
1-10-2018  12:5:37,1-10-2018  12:5:37,1200.21,1193.47,1199.89,1203.04 x 800,1203.72 x 900,1420526
1-10-2018  12:5:53,1-10-2018  12:5:53,1200.21,1193.47,1199.89,1203.04 x 800,1203.72 x 900,1420526
1-10-2018  12:6:11,1-10-2018  12:6:11,1200.21,1193.47,1199.89,1203.01 x 800,1203.67 x 900,1420526
1-10-2018  12:6:27,1-10-2018  12:6:27,1199.475,1193.47,1199.89,1203.010 x 800,1203.670 x 900,1420526
1-10-2018  12:6:43,1-10-2018  12:6:43,1199.39,1193.47,1199.89,1203.01 x 800,1203.67 x 900,1420526
1-10-2018  12:6:59,1-10-2018  12:6:59,1199.5,1193.47,1199.89,1202.64 x 800,1203.08 x 900,1420526
1-10-2018  12:7:16,1-10-2018  12:7:16,1200.565,1193.47,1199.89,1202.640 x 800,1203.080 x 900,1420526
1-10-2018  12:7:32,1-10-2018  12:7:32,1199.55,1193.47,1199.89,1202.64 x 800,1203.08 x 900,1420526
1-10-2018  12:7:48,1-10-2018  12:7:48,1199.5,1193.47,1199.89,1202.26 x 800,1202.66 x 900,1420526
1-10-2018  12:8:4,1-10-2018  12:8:4,1199.5,1193.47,1199.89,1202.26 x 800,1202.66 x 900,1420526
1-10-2018  12:8:20,1-10-2018  12:8:20,1199.6,1193.47,1199.89,1202.26 x 800,1202.66 x 900,1420526
1-10-2018  12:8:36,1-10-2018  12:8:36,1199.85,1193.47,1199.89,1202.28 x 800,1202.66 x 900,1420526
1-10-2018  12:8:52,1-10-2018  12:8:52,1199.85,1193.47,1199.89,1202.28 x 800,1202.66 x 900,1420526
1-10-2018  12:9:8,1-10-2018  12:9:8,1199.79,1193.47,1199.89,1202.07 x 800,1202.44 x 900,1420526
1-10-2018  12:9:24,1-10-2018  12:9:24,1199.76,1193.47,1199.89,1202.070 x 800,1202.440 x 900,1420526
1-10-2018  12:9:40,1-10-2018  12:9:40,1199.76,1193.47,1199.89,1202.07 x 800,1202.44 x 900,1420526
1-10-2018  12:9:56,1-10-2018  12:9:56,1198.91,1193.47,1199.89,1200.46 x 800,1202.44 x 900,1420526
1-10-2018  12:10:13,1-10-2018  12:10:13,1198.91,1193.47,1199.89,1200.46 x 800,1200.72 x 900,1420526
1-10-2018  12:10:28,1-10-2018  12:10:28,1199.56,1193.47,1199.89,1200.46 x 800,1200.72 x 900,1420526
1-10-2018  12:10:53,1-10-2018  12:10:53,1199.73,1193.47,1199.89,1199.82 x 800,1200.72 x 900,1420526
1-10-2018  12:11:9,1-10-2018  12:11:9,1199.73,1193.47,1199.89,1199.82 x 800,1200.76 x 900,1420526
1-10-2018  12:11:25,1-10-2018  12:11:25,1199.34,1193.47,1199.89,1199.82 x 800,1200.76 x 900,1420526
1-10-2018  12:11:41,1-10-2018  12:11:41,1199.34,1193.47,1199.89,1199.730 x 800,1200.400 x 900,1420526
1-10-2018  12:11:58,1-10-2018  12:11:58,1199.34,1193.47,1199.89,1199.730 x 800,1200.400 x 900,1420526
1-10-2018  12:12:14,1-10-2018  12:12:14,1199.4,1193.47,1199.89,1200.10 x 800,1200.93 x 900,1420526
1-10-2018  12:12:30,1-10-2018  12:12:30,1199.4,1193.47,1199.89,1200.10 x 800,1200.93 x 900,1420526
1-10-2018  12:12:45,1-10-2018  12:12:45,1199.385,1193.47,1199.89,1200.100 x 800,1200.930 x 900,1420526
1-10-2018  12:13:2,1-10-2018  12:13:2,1199.39,1193.47,1199.89,1200.10 x 800,1200.93 x 900,1420526
1-10-2018  12:13:18,1-10-2018  12:13:18,1199.54,1193.47,1199.89,1201.08 x 800,1201.79 x 900,1420526
1-10-2018  12:13:34,1-10-2018  12:13:34,1199.75,1193.47,1199.89,1201.08 x 800,1201.79 x 900,1420526
1-10-2018  12:13:50,1-10-2018  12:13:50,1199.46,1193.47,1199.89,1201.08 x 800,1201.79 x 900,1420526
1-10-2018  12:14:6,1-10-2018  12:14:6,1199.46,1193.47,1199.89,1200.4399 x 800,1201.1400 x 900,1420526
1-10-2018  12:14:22,1-10-2018  12:14:22,1199.46,1193.47,1199.89,1200.4399 x 800,1201.1400 x 900,1420526
1-10-2018  12:14:38,1-10-2018  12:14:38,1199.82,1193.47,1199.89,1200.44 x 800,1201.14 x 900,1420526
1-10-2018  12:14:54,1-10-2018  12:14:54,1199.82,1193.47,1199.89,1200.44 x 800,1201.14 x 900,1420526
1-10-2018  12:15:10,1-10-2018  12:15:10,1199.66,1193.47,1199.89,1200.15 x 800,1200.86 x 900,1420526
1-10-2018  12:15:26,1-10-2018  12:15:26,1199.734,1193.47,1199.89,1200.150 x 800,1200.860 x 900,1420526
1-10-2018  12:15:42,1-10-2018  12:15:42,1199.61,1193.47,1199.89,1200.15 x 800,1200.86 x 900,1420526
1-10-2018  12:15:58,1-10-2018  12:15:58,1199.59,1193.47,1199.89,1200.02 x 800,1200.76 x 900,1420526
1-10-2018  12:16:14,1-10-2018  12:16:14,1199.91,1193.47,1199.89,1200.02 x 800,1200.76 x 900,1420526
1-10-2018  12:16:30,1-10-2018  12:16:30,1199.8199,1193.47,1199.89,1199.7100 x 800,1200.3600 x 900,1420526
1-10-2018  12:16:46,1-10-2018  12:16:46,1199.805,1193.47,1199.89,1199.710 x 800,1200.360 x 900,1420526
1-10-2018  12:17:2,1-10-2018  12:17:2,1199.55,1193.47,1199.89,1199.71 x 800,1200.36 x 900,1420526
1-10-2018  12:17:18,1-10-2018  12:17:18,1199.55,1193.47,1199.89,1199.48 x 800,1199.95 x 900,1420526
1-10-2018  12:17:35,1-10-2018  12:17:35,1199.99,1193.47,1199.89,1199.71 x 800,1199.95 x 900,1420526
1-10-2018  12:17:50,1-10-2018  12:17:50,1199.99,1193.47,1199.89,1199.48 x 800,1199.95 x 900,1420526
1-10-2018  12:18:7,1-10-2018  12:18:7,1200.36,1193.47,1199.89,1199.48 x 800,1199.95 x 900,1420526
1-10-2018  12:18:23,1-10-2018  12:18:23,1200.36,1193.47,1199.89,1199.52 x 800,1199.92 x 900,1420526
1-10-2018  12:18:39,1-10-2018  12:18:39,1200.36,1193.47,1199.89,1199.52 x 800,1199.92 x 900,1420526
1-10-2018  12:18:55,1-10-2018  12:18:55,1200.36,1193.47,1199.89,1199.52 x 800,1199.92 x 900,1420526
1-10-2018  12:19:12,1-10-2018  12:19:12,1200.36,1193.47,1199.89,1199.52 x 800,1200.00 x 900,1420526
1-10-2018  12:19:28,1-10-2018  12:19:28,1199.99,1193.47,1199.89,1199.52 x 800,1200.00 x 900,1420526
1-10-2018  12:19:43,1-10-2018  12:19:43,1199.99,1193.47,1199.89,1199.55 x 800,1199.97 x 900,1420526
1-10-2018  12:19:59,1-10-2018  12:19:59,1199.78,1193.47,1199.89,1199.55 x 800,1199.97 x 900,1420526
1-10-2018  12:20:16,1-10-2018  12:20:16,1199.78,1193.47,1199.89,1199.5500 x 800,1199.9700 x 900,1420526
1-10-2018  12:20:32,1-10-2018  12:20:32,1199.425,1193.47,1199.89,1199.550 x 800,1199.970 x 900,1420526
1-10-2018  12:20:48,1-10-2018  12:20:48,1199.3025,1193.47,1199.89,1199.4600 x 800,1200.5500 x 900,1420526
1-10-2018  12:21:4,1-10-2018  12:21:4,1198.16,1193.47,1199.89,1199.39 x 800,1200.55 x 900,1420526
1-10-2018  12:21:20,1-10-2018  12:21:20,1197.3425,1193.47,1199.89,1199.3900 x 800,1200.5500 x 900,1420526
1-10-2018  12:21:36,1-10-2018  12:21:36,1197.34,1193.47,1199.89,1199.39 x 800,1199.94 x 900,1420526
1-10-2018  12:21:52,1-10-2018  12:21:52,1197.88,1193.47,1199.89,1199.39 x 800,1199.94 x 900,1420526
1-10-2018  12:22:8,1-10-2018  12:22:8,1197.88,1193.47,1199.89,1199.17 x 800,1199.94 x 900,1420526
1-10-2018  12:22:24,1-10-2018  12:22:24,1198.4438,1193.47,1199.89,1199.1700 x 800,1199.8000 x 900,1420526
1-10-2018  12:22:40,1-10-2018  12:22:40,1198.4438,1193.47,1199.89,1199.1700 x 800,1199.8000 x 900,1420526
1-10-2018  12:22:56,1-10-2018  12:22:56,1198.88,1193.47,1199.89,1199.31 x 800,1199.80 x 900,1420526
1-10-2018  12:23:12,1-10-2018  12:23:12,1198.88,1193.47,1199.89,1199.3101 x 800,1199.8000 x 900,1420526
1-10-2018  12:23:29,1-10-2018  12:23:29,1198.88,1193.47,1199.89,1199.31 x 800,1199.80 x 900,1420526
1-10-2018  12:23:45,1-10-2018  12:23:45,1199.06,1193.47,1199.89,1199.37 x 800,1199.84 x 900,1420526
1-10-2018  12:24:1,1-10-2018  12:24:1,1199.06,1193.47,1199.89,1199.37 x 800,1199.84 x 900,1420526
1-10-2018  12:24:17,1-10-2018  12:24:17,1199.06,1193.47,1199.89,1199.49 x 800,1200.23 x 900,1420526
1-10-2018  12:24:34,1-10-2018  12:24:34,1199.06,1193.47,1199.89,1199.49 x 800,1200.23 x 900,1420526
1-10-2018  12:24:50,1-10-2018  12:24:50,1199.06,1193.47,1199.89,1199.49 x 800,1199.52 x 900,1420526
1-10-2018  12:25:6,1-10-2018  12:25:6,1198.755,1193.47,1199.89,1199.490 x 800,1199.520 x 900,1420526
1-10-2018  12:25:22,1-10-2018  12:25:22,1198.755,1193.47,1199.89,1199.49 x 800,1199.52 x 900,1420526
1-10-2018  12:25:38,1-10-2018  12:25:38,1198.74,1193.47,1199.89,1198.61 x 800,1199.52 x 900,1420526
1-10-2018  12:25:54,1-10-2018  12:25:54,1198.89,1193.47,1199.89,1198.61 x 800,1199.52 x 900,1420526
1-10-2018  12:26:11,1-10-2018  12:26:11,1198.89,1193.47,1199.89,1199.49 x 800,1200.10 x 900,1420526
1-10-2018  12:26:27,1-10-2018  12:26:27,1198.89,1193.47,1199.89,1199.49 x 800,1200.10 x 900,1420526
1-10-2018  12:26:43,1-10-2018  12:26:43,1198.65,1193.47,1199.89,1199.49 x 800,1200.10 x 900,1420526
1-10-2018  12:27:0,1-10-2018  12:27:0,1198.51,1193.47,1199.89,1199.02 x 800,1199.66 x 900,1420526
1-10-2018  12:27:16,1-10-2018  12:27:16,1198.55,1193.47,1199.89,1199.02 x 800,1199.66 x 900,1420526
1-10-2018  12:27:32,1-10-2018  12:27:32,1198.55,1193.47,1199.89,1199.02 x 800,1199.66 x 900,1420526
1-10-2018  12:27:48,1-10-2018  12:27:48,1198.55,1193.47,1199.89,1199.02 x 800,1199.62 x 900,1420526
1-10-2018  12:28:5,1-10-2018  12:28:5,1198.26,1193.47,1199.89,1199.02 x 800,1199.62 x 900,1420526
1-10-2018  12:28:21,1-10-2018  12:28:21,1198.1893,1193.47,1199.89,1199.1400 x 800,1199.6200 x 900,1420526
1-10-2018  12:28:37,1-10-2018  12:28:37,1198.19,1193.47,1199.89,1199.53 x 800,1199.70 x 900,1420526
1-10-2018  12:28:53,1-10-2018  12:28:53,1198.19,1193.47,1199.89,1199.14 x 800,1199.70 x 900,1420526
1-10-2018  12:29:10,1-10-2018  12:29:10,1198.19,1193.47,1199.89,1199.53 x 800,1199.58 x 900,1420526
1-10-2018  12:29:25,1-10-2018  12:29:25,1198.18,1193.47,1199.89,1199.12 x 800,1199.58 x 900,1420526
1-10-2018  12:29:41,1-10-2018  12:29:41,1197.97,1193.47,1199.89,1199.12 x 800,1199.58 x 900,1420526
1-10-2018  12:29:58,1-10-2018  12:29:58,1197.97,1193.47,1199.89,1199.78 x 800,1200.20 x 900,1420526
1-10-2018  12:30:14,1-10-2018  12:30:14,1198.41,1193.47,1199.89,1199.780 x 800,1200.200 x 900,1420526
1-10-2018  12:30:30,1-10-2018  12:30:30,1198.41,1193.47,1199.89,1199.780 x 800,1200.200 x 900,1420526
1-10-2018  12:30:46,1-10-2018  12:30:46,1197.51,1193.47,1199.89,1199.78 x 800,1199.92 x 900,1420526
1-10-2018  12:31:2,1-10-2018  12:31:2,1197.84,1193.47,1199.89,1199.31 x 800,1199.92 x 900,1420526
1-10-2018  12:31:19,1-10-2018  12:31:19,1197.84,1193.47,1199.89,1199.31 x 800,1199.92 x 900,1420526
1-10-2018  12:31:35,1-10-2018  12:31:35,1197.84,1193.47,1199.89,1199.31 x 800,1199.98 x 900,1420526
1-10-2018  12:31:51,1-10-2018  12:31:51,1197.21,1193.47,1199.89,1199.31 x 800,1199.92 x 900,1420526
1-10-2018  12:32:7,1-10-2018  12:32:7,1197.36,1193.47,1199.89,1199.63 x 800,1199.98 x 900,1420526
1-10-2018  12:32:23,1-10-2018  12:32:23,1197.36,1193.47,1199.89,1199.63 x 800,1199.98 x 900,1420526
1-10-2018  12:32:39,1-10-2018  12:32:39,1197.73,1193.47,1199.89,1199.54 x 800,1199.94 x 900,1420526
1-10-2018  12:32:55,1-10-2018  12:32:55,1198.0634,1193.47,1199.89,1199.5400 x 800,1199.9399 x 900,1420526
1-10-2018  12:33:11,1-10-2018  12:33:11,1198.0634,1193.47,1199.89,1199.5400 x 800,1199.9399 x 900,1420526
1-10-2018  12:33:27,1-10-2018  12:33:27,1198.0634,1193.47,1199.89,1199.5400 x 800,1199.9399 x 900,1420526
1-10-2018  12:33:43,1-10-2018  12:33:43,1198.06,1193.47,1199.89,1200.15 x 800,1200.56 x 900,1420526
1-10-2018  12:33:59,1-10-2018  12:33:59,1198.06,1193.47,1199.89,1200.15 x 800,1200.56 x 900,1420526
1-10-2018  12:34:15,1-10-2018  12:34:15,1198.06,1193.47,1199.89,1200.15 x 800,1200.56 x 900,1420526
1-10-2018  12:34:32,1-10-2018  12:34:32,1198.06,1193.47,1199.89,1200.15 x 800,1200.37 x 900,1420526
1-10-2018  12:34:48,1-10-2018  12:34:48,1197.94,1193.47,1199.89,1200.15 x 800,1200.37 x 900,1420526
1-10-2018  12:35:4,1-10-2018  12:35:4,1198.45,1193.47,1199.89,1199.36 x 800,1199.78 x 900,1420526
1-10-2018  12:35:20,1-10-2018  12:35:20,1198.45,1193.47,1199.89,1199.36 x 800,1199.78 x 900,1420526
1-10-2018  12:35:36,1-10-2018  12:35:36,1198.45,1193.47,1199.89,1199.36 x 800,1199.78 x 900,1420526
1-10-2018  12:35:52,1-10-2018  12:35:52,1198.19,1193.47,1199.89,1199.02 x 800,1199.44 x 900,1420526
1-10-2018  12:36:8,1-10-2018  12:36:8,1198.19,1193.47,1199.89,1199.02 x 800,1199.44 x 900,1420526
1-10-2018  12:36:24,1-10-2018  12:36:24,1198.19,1193.47,1199.89,1199.02 x 800,1199.44 x 900,1420526
1-10-2018  12:36:40,1-10-2018  12:36:40,1197.92,1193.47,1199.89,1197.1801 x 800,1197.7900 x 900,1420526
1-10-2018  12:36:57,1-10-2018  12:36:57,1197.92,1193.47,1199.89,1197.1801 x 800,1197.7900 x 900,1420526
1-10-2018  12:37:12,1-10-2018  12:37:12,1197.57,1193.47,1199.89,1197.18 x 800,1197.79 x 900,1420526
1-10-2018  12:37:28,1-10-2018  12:37:28,1197.57,1193.47,1199.89,1197.9500 x 800,1197.7900 x 900,1420526
1-10-2018  12:37:44,1-10-2018  12:37:44,1197.645,1193.47,1199.89,1197.950 x 800,1198.500 x 900,1420526
1-10-2018  12:38:1,1-10-2018  12:38:1,1197.25,1193.47,1199.89,1197.95 x 800,1198.50 x 900,1420526
1-10-2018  12:38:17,1-10-2018  12:38:17,1197.5,1193.47,1199.89,1197.95 x 800,1198.50 x 900,1420526
1-10-2018  12:38:33,1-10-2018  12:38:33,1197.5,1193.47,1199.89,1198.49 x 800,1199.05 x 900,1420526
1-10-2018  12:38:50,1-10-2018  12:38:50,1197.5,1193.47,1199.89,1198.49 x 800,1199.05 x 900,1420526
1-10-2018  12:39:6,1-10-2018  12:39:6,1197.1298,1193.47,1199.89,1198.4900 x 800,1199.0500 x 900,1420526
1-10-2018  12:39:22,1-10-2018  12:39:22,1197.3,1193.47,1199.89,1198.49 x 800,1199.05 x 900,1420526
1-10-2018  12:39:38,1-10-2018  12:39:38,1197.09,1193.47,1199.89,1198.49 x 800,1199.05 x 900,1420526
1-10-2018  12:39:54,1-10-2018  12:39:54,1197.09,1193.47,1199.89,1198.83 x 800,1199.00 x 900,1420526
1-10-2018  12:40:10,1-10-2018  12:40:10,1197.09,1193.47,1199.89,1198.83 x 800,1199.00 x 900,1420526
1-10-2018  12:40:26,1-10-2018  12:40:26,1197.09,1193.47,1199.89,1198.83 x 800,1199.00 x 900,1420526
1-10-2018  12:40:42,1-10-2018  12:40:42,1197.09,1193.47,1199.89,1198.830 x 800,1199.000 x 900,1420526
1-10-2018  12:40:59,1-10-2018  12:40:59,1196.94,1193.47,1199.89,1198.51 x 800,1198.99 x 900,1420526
1-10-2018  12:41:15,1-10-2018  12:41:15,1196.79,1193.47,1199.89,1198.51 x 800,1198.99 x 900,1420526
1-10-2018  12:41:31,1-10-2018  12:41:31,1196.79,1193.47,1199.89,1198.5100 x 800,1198.7500 x 900,1420526
1-10-2018  12:41:47,1-10-2018  12:41:47,1197.2,1193.47,1199.89,1198.51 x 800,1198.75 x 900,1420526
1-10-2018  12:42:4,1-10-2018  12:42:4,1197.01,1193.47,1199.89,1198.51 x 800,1198.75 x 900,1420526
1-10-2018  12:42:20,1-10-2018  12:42:20,1197.01,1193.47,1199.89,1198.55 x 800,1198.97 x 900,1420526
1-10-2018  12:42:36,1-10-2018  12:42:36,1196.77,1193.47,1199.89,1198.55 x 800,1198.97 x 900,1420526
1-10-2018  12:42:52,1-10-2018  12:42:52,1196.77,1193.47,1199.89,1198.55 x 800,1198.97 x 900,1420526
1-10-2018  12:43:8,1-10-2018  12:43:8,1196.77,1193.47,1199.89,1198.37 x 800,1198.85 x 900,1420526
1-10-2018  12:43:24,1-10-2018  12:43:24,1196.8751,1193.47,1199.89,1198.3700 x 800,1198.8500 x 900,1420526
1-10-2018  12:43:40,1-10-2018  12:43:40,1196.8751,1193.47,1199.89,1198.3700 x 800,1198.8500 x 900,1420526
1-10-2018  12:43:56,1-10-2018  12:43:56,1197.0299,1193.47,1199.89,1198.0400 x 800,1198.6899 x 900,1420526
1-10-2018  12:44:13,1-10-2018  12:44:13,1196.0,1193.47,1199.89,1198.04 x 800,1198.69 x 900,1420526
1-10-2018  12:44:28,1-10-2018  12:44:28,1196.0,1193.47,1199.89,1198.0400 x 800,1198.6899 x 900,1420526
1-10-2018  12:44:44,1-10-2018  12:44:44,1195.68,1193.47,1199.89,1198.01 x 800,1198.31 x 900,1420526
1-10-2018  12:45:1,1-10-2018  12:45:1,1195.68,1193.47,1199.89,1198.01 x 800,1198.31 x 900,1420526
1-10-2018  12:45:17,1-10-2018  12:45:17,1195.6801,1193.47,1199.89,1197.82 x 800,1198.31 x 900,1420526
1-10-2018  12:45:33,1-10-2018  12:45:33,1195.6801,1193.47,1199.89,1197.8199 x 800,1198.3101 x 900,1420526
1-10-2018  12:45:49,1-10-2018  12:45:49,1195.9,1193.47,1199.89,1197.82 x 800,1198.93 x 900,1420526
1-10-2018  12:46:5,1-10-2018  12:46:5,1195.95,1193.47,1199.89,1197.8199 x 800,1198.9301 x 900,1420526
1-10-2018  12:46:22,1-10-2018  12:46:22,1195.34,1193.47,1199.89,1197.20 x 800,1198.93 x 900,1420526
1-10-2018  12:46:38,1-10-2018  12:46:38,1195.76,1193.47,1199.89,1197.20 x 800,1198.93 x 900,1420526
1-10-2018  12:46:55,1-10-2018  12:46:55,1196.025,1193.47,1199.89,1197.200 x 800,1198.930 x 900,1420526
1-10-2018  12:47:11,1-10-2018  12:47:11,1196.19,1193.47,1199.89,1197.21 x 800,1197.75 x 900,1420526
1-10-2018  12:47:27,1-10-2018  12:47:27,1196.19,1193.47,1199.89,1197.21 x 800,1197.75 x 900,1420526
1-10-2018  12:47:43,1-10-2018  12:47:43,1196.19,1193.47,1199.89,1197.26 x 800,1197.80 x 900,1420526
1-10-2018  12:48:0,1-10-2018  12:48:0,1196.19,1193.47,1199.89,1197.26 x 800,1197.80 x 900,1420526
1-10-2018  12:48:16,1-10-2018  12:48:16,1196.1899,1193.47,1199.89,1197.2600 x 800,1197.8000 x 900,1420526
1-10-2018  12:48:32,1-10-2018  12:48:32,1196.3,1193.47,1199.89,1197.26 x 800,1197.80 x 900,1420526
1-10-2018  12:48:48,1-10-2018  12:48:48,1196.3,1193.47,1199.89,1197.2600 x 800,1197.8000 x 900,1420526
1-10-2018  12:49:4,1-10-2018  12:49:4,1195.69,1193.47,1199.89,1198.02 x 800,1198.12 x 900,1420526
1-10-2018  12:49:20,1-10-2018  12:49:20,1196.29,1193.47,1199.89,1198.02 x 800,1198.12 x 900,1420526
1-10-2018  12:49:37,1-10-2018  12:49:37,1196.29,1193.47,1199.89,1198.02 x 800,1198.12 x 900,1420526
1-10-2018  12:49:52,1-10-2018  12:49:52,1196.29,1193.47,1199.89,1197.92 x 800,1198.12 x 900,1420526
1-10-2018  12:50:9,1-10-2018  12:50:9,1196.29,1193.47,1199.89,1197.92 x 800,1198.12 x 900,1420526
1-10-2018  12:50:25,1-10-2018  12:50:25,1196.1,1193.47,1199.89,1197.92 x 800,1198.12 x 900,1420526
1-10-2018  12:50:41,1-10-2018  12:50:41,1196.1,1193.47,1199.89,1197.92 x 800,1198.12 x 900,1420526
1-10-2018  12:50:57,1-10-2018  12:50:57,1196.51,1193.47,1199.89,1197.92 x 800,1198.12 x 900,1420526
1-10-2018  12:51:14,1-10-2018  12:51:14,1196.51,1193.47,1199.89,1197.93 x 800,1198.44 x 900,1420526
1-10-2018  12:51:30,1-10-2018  12:51:30,1196.365,1193.47,1199.89,1197.930 x 800,1198.440 x 900,1420526
1-10-2018  12:51:46,1-10-2018  12:51:46,1196.13,1193.47,1199.89,1197.93 x 800,1198.80 x 900,1420526
1-10-2018  12:52:2,1-10-2018  12:52:2,1196.13,1193.47,1199.89,1197.93 x 800,1198.80 x 900,1420526
1-10-2018  12:52:18,1-10-2018  12:52:18,1196.13,1193.47,1199.89,1197.40 x 800,1198.80 x 900,1420526
1-10-2018  12:52:34,1-10-2018  12:52:34,1196.46,1193.47,1199.89,1197.40 x 800,1198.80 x 900,1420526
1-10-2018  12:52:50,1-10-2018  12:52:50,1196.38,1193.47,1199.89,1197.40 x 800,1197.90 x 900,1420526
1-10-2018  12:53:6,1-10-2018  12:53:6,1196.23,1193.47,1199.89,1197.11 x 800,1197.50 x 900,1420526
1-10-2018  12:53:22,1-10-2018  12:53:22,1196.23,1193.47,1199.89,1197.11 x 800,1197.50 x 900,1420526
1-10-2018  12:53:38,1-10-2018  12:53:38,1196.23,1193.47,1199.89,1197.1100 x 800,1197.5000 x 900,1420526
1-10-2018  12:53:54,1-10-2018  12:53:54,1196.23,1193.47,1199.89,1197.1100 x 800,1197.5000 x 900,1420526
1-10-2018  12:54:10,1-10-2018  12:54:10,1196.16,1193.47,1199.89,1197.11 x 800,1197.50 x 900,1420526
1-10-2018  12:54:27,1-10-2018  12:54:27,1196.165,1193.47,1199.89,1197.090 x 800,1197.790 x 900,1420526
1-10-2018  12:54:43,1-10-2018  12:54:43,1196.165,1193.47,1199.89,1197.09 x 800,1197.79 x 900,1420526
1-10-2018  12:54:59,1-10-2018  12:54:59,1196.17,1193.47,1199.89,1197.09 x 800,1197.79 x 900,1420526
1-10-2018  12:55:15,1-10-2018  12:55:15,1196.0653,1193.47,1199.89,1197.0900 x 800,1197.7900 x 900,1420526
1-10-2018  12:55:31,1-10-2018  12:55:31,1196.0653,1193.47,1199.89,1197.0900 x 800,1197.7900 x 900,1420526
1-10-2018  12:55:47,1-10-2018  12:55:47,1196.46,1193.47,1199.89,1196.96 x 800,1197.25 x 900,1420526
1-10-2018  12:56:3,1-10-2018  12:56:3,1196.46,1193.47,1199.89,1197.20 x 800,1197.89 x 900,1420526
1-10-2018  12:56:19,1-10-2018  12:56:19,1196.0532,1193.47,1199.89,1196.5000 x 800,1197.0100 x 900,1420526
1-10-2018  12:56:35,1-10-2018  12:56:35,1196.05,1193.47,1199.89,1196.5000 x 800,1197.0100 x 900,1420526
1-10-2018  12:56:52,1-10-2018  12:56:52,1196.05,1193.47,1199.89,1196.50 x 800,1197.01 x 900,1420526
1-10-2018  12:57:8,1-10-2018  12:57:8,1196.38,1193.47,1199.89,1196.50 x 800,1197.01 x 900,1420526
1-10-2018  12:57:24,1-10-2018  12:57:24,1196.68,1193.47,1199.89,1196.50 x 800,1197.01 x 900,1420526
1-10-2018  12:57:40,1-10-2018  12:57:40,1197.06,1193.47,1199.89,1196.81 x 800,1197.35 x 900,1420526
1-10-2018  12:57:56,1-10-2018  12:57:56,1197.06,1193.47,1199.89,1196.81 x 800,1197.35 x 900,1420526
1-10-2018  12:58:13,1-10-2018  12:58:13,1197.06,1193.47,1199.89,1196.81 x 800,1197.35 x 900,1420526
1-10-2018  12:58:29,1-10-2018  12:58:29,1197.06,1193.47,1199.89,1196.76 x 800,1197.21 x 900,1420526
1-10-2018  12:58:45,1-10-2018  12:58:45,1196.15,1193.47,1199.89,1196.76 x 800,1197.21 x 900,1420526
1-10-2018  12:59:2,1-10-2018  12:59:2,1196.48,1193.47,1199.89,1196.50 x 800,1197.21 x 900,1420526
1-10-2018  12:59:19,1-10-2018  12:59:19,1196.48,1193.47,1199.89,1196.50 x 800,1197.02 x 900,1420526
1-10-2018  12:59:35,1-10-2018  12:59:35,1196.48,1193.47,1199.89,1195.88 x 800,1197.02 x 900,1420526
1-10-2018  12:59:51,1-10-2018  12:59:51,1196.48,1193.47,1199.89,1195.88 x 800,1195.91 x 900,1420526
1-10-2018  13:0:7,1-10-2018  13:0:7,1196.48,1193.47,1199.89,1195.8800 x 800,1197.0200 x 900,1420526
1-10-2018  13:0:23,1-10-2018  13:0:23,1196.48,1193.47,1199.89,1195.1700 x 800,1195.9100 x 900,1420526
1-10-2018  13:0:39,1-10-2018  13:0:39,1196.48,1193.47,1199.89,1195.1700 x 800,1196.0000 x 900,1420526
1-10-2018  13:0:55,1-10-2018  13:0:55,1196.48,1193.47,1199.89,1195.1700 x 800,1196.0000 x 900,1420526
1-10-2018  13:1:12,1-10-2018  13:1:12,1196.48,1193.47,1199.89,1195.38 x 800,1196.00 x 900,1420526
1-10-2018  13:1:28,1-10-2018  13:1:28,1195.96,1193.47,1199.89,1195.38 x 800,1195.34 x 900,1420526
1-10-2018  13:1:44,1-10-2018  13:1:44,1195.97,1193.47,1199.89,1195.38 x 800,1195.34 x 900,1420526
1-10-2018  13:2:0,1-10-2018  13:2:0,1195.97,1193.47,1199.89,1195.38 x 800,1195.34 x 900,1420526
1-10-2018  13:2:16,1-10-2018  13:2:16,1195.62,1193.47,1199.89,1195.46 x 800,1196.19 x 900,1420526
1-10-2018  13:2:33,1-10-2018  13:2:33,1195.62,1193.47,1199.89,1195.4600 x 800,1195.3400 x 900,1420526
1-10-2018  13:2:49,1-10-2018  13:2:49,1195.62,1193.47,1199.89,1195.4600 x 800,1196.1899 x 900,1420526
1-10-2018  13:3:5,1-10-2018  13:3:5,1195.62,1193.47,1199.89,1195.4600 x 800,1196.1899 x 900,1420526
1-10-2018  13:3:21,1-10-2018  13:3:21,1195.62,1193.47,1199.89,1195.4600 x 800,1196.1899 x 900,1420526
1-10-2018  13:3:37,1-10-2018  13:3:37,1195.45,1193.47,1199.89,1195.51 x 800,1196.19 x 900,1420526
1-10-2018  13:3:54,1-10-2018  13:3:54,1195.45,1193.47,1199.89,1196.1200 x 800,1196.2500 x 900,1420526
1-10-2018  13:4:10,1-10-2018  13:4:10,1195.6,1193.47,1199.89,1196.12 x 800,1196.25 x 900,1420526
1-10-2018  13:4:26,1-10-2018  13:4:26,1195.83,1193.47,1199.89,1196.12 x 800,1196.44 x 900,1420526
1-10-2018  13:4:42,1-10-2018  13:4:42,1195.83,1193.47,1199.89,1196.12 x 800,1196.44 x 900,1420526
1-10-2018  13:4:58,1-10-2018  13:4:58,1195.83,1193.47,1199.89,1195.97 x 800,1196.44 x 900,1420526
1-10-2018  13:5:15,1-10-2018  13:5:15,1195.83,1193.47,1199.89,1196.09 x 800,1196.58 x 900,1420526
1-10-2018  13:5:31,1-10-2018  13:5:31,1195.83,1193.47,1199.89,1196.0900 x 800,1196.5800 x 900,1420526
1-10-2018  13:5:47,1-10-2018  13:5:47,1195.83,1193.47,1199.89,1196.0900 x 800,1196.5800 x 900,1420526
1-10-2018  13:6:4,1-10-2018  13:6:4,1196.24,1193.47,1199.89,1195.85 x 800,1196.42 x 900,1420526
1-10-2018  13:6:20,1-10-2018  13:6:20,1196.24,1193.47,1199.89,1195.850 x 800,1196.420 x 900,1420526
1-10-2018  13:6:36,1-10-2018  13:6:36,1196.37,1193.47,1199.89,1195.85 x 800,1196.42 x 900,1420526
1-10-2018  13:6:52,1-10-2018  13:6:52,1196.37,1193.47,1199.89,1195.85 x 800,1196.42 x 900,1420526
1-10-2018  13:7:8,1-10-2018  13:7:8,1196.84,1193.47,1199.89,1195.85 x 800,1196.42 x 900,1420526
1-10-2018  13:7:25,1-10-2018  13:7:25,1196.49,1193.47,1199.89,1195.84 x 800,1196.36 x 900,1420526
1-10-2018  13:7:41,1-10-2018  13:7:41,1196.49,1193.47,1199.89,1195.84 x 800,1196.36 x 900,1420526
1-10-2018  13:7:57,1-10-2018  13:7:57,1196.24,1193.47,1199.89,1195.84 x 800,1196.36 x 900,1420526
1-10-2018  13:8:13,1-10-2018  13:8:13,1196.24,1193.47,1199.89,1196.20 x 800,1196.60 x 900,1420526
1-10-2018  13:8:29,1-10-2018  13:8:29,1196.24,1193.47,1199.89,1196.20 x 800,1196.60 x 900,1420526
1-10-2018  13:8:45,1-10-2018  13:8:45,1196.57,1193.47,1199.89,1196.20 x 800,1196.60 x 900,1420526
1-10-2018  13:9:2,1-10-2018  13:9:2,1196.57,1193.47,1199.89,1196.18 x 800,1196.68 x 900,1420526
1-10-2018  13:9:18,1-10-2018  13:9:18,1196.69,1193.47,1199.89,1196.36 x 800,1196.68 x 900,1420526
1-10-2018  13:9:34,1-10-2018  13:9:34,1196.69,1193.47,1199.89,1196.36 x 800,1196.68 x 900,1420526
1-10-2018  13:9:49,1-10-2018  13:9:49,1196.69,1193.47,1199.89,1196.360 x 800,1196.480 x 900,1420526
1-10-2018  13:10:6,1-10-2018  13:10:6,1196.91,1193.47,1199.89,1196.36 x 800,1196.48 x 900,1420526
1-10-2018  13:10:22,1-10-2018  13:10:22,1196.99,1193.47,1199.89,1195.85 x 800,1196.48 x 900,1420526
1-10-2018  13:10:38,1-10-2018  13:10:38,1196.91,1193.47,1199.89,1195.85 x 800,1196.46 x 900,1420526
1-10-2018  13:10:53,1-10-2018  13:10:53,1197.18,1193.47,1199.89,1195.85 x 800,1196.46 x 900,1420526
1-10-2018  13:11:10,1-10-2018  13:11:10,1197.18,1193.47,1199.89,1195.85 x 800,1196.46 x 900,1420526
1-10-2018  13:11:26,1-10-2018  13:11:26,1196.95,1193.47,1199.89,1195.87 x 800,1196.35 x 900,1420526
1-10-2018  13:11:42,1-10-2018  13:11:42,1196.95,1193.47,1199.89,1195.87 x 800,1196.35 x 900,1420526
1-10-2018  13:11:58,1-10-2018  13:11:58,1196.95,1193.47,1199.89,1195.87 x 800,1196.35 x 900,1420526
1-10-2018  13:12:14,1-10-2018  13:12:14,1196.95,1193.47,1199.89,1195.84 x 800,1196.35 x 900,1420526
1-10-2018  13:12:30,1-10-2018  13:12:30,1196.95,1193.47,1199.89,1195.84 x 800,1196.50 x 900,1420526
1-10-2018  13:12:46,1-10-2018  13:12:46,1196.95,1193.47,1199.89,1196.12 x 800,1197.17 x 900,1420526
1-10-2018  13:13:2,1-10-2018  13:13:2,1196.95,1193.47,1199.89,1196.12 x 800,1197.17 x 900,1420526
1-10-2018  13:13:19,1-10-2018  13:13:19,1196.95,1193.47,1199.89,1196.38 x 800,1197.17 x 900,1420526
1-10-2018  13:13:35,1-10-2018  13:13:35,1196.95,1193.47,1199.89,1196.38 x 800,1197.17 x 900,1420526
1-10-2018  13:13:51,1-10-2018  13:13:51,1196.95,1193.47,1199.89,1196.38 x 800,1197.17 x 900,1420526
1-10-2018  13:14:7,1-10-2018  13:14:7,1197.35,1193.47,1199.89,1196.01 x 800,1196.80 x 900,1420526
1-10-2018  14:8:10,1-10-2018  14:8:10,1197.0,1193.47,1199.89,1197.88 x 800,1198.29 x 900,1420526
1-10-2018  14:8:26,1-10-2018  14:8:26,1197.0,1193.47,1199.89,1197.88 x 800,1198.29 x 900,1420526
1-10-2018  14:8:42,1-10-2018  14:8:42,1196.66,1193.47,1199.89,1197.25 x 800,1197.93 x 900,1420526
1-10-2018  14:8:59,1-10-2018  14:8:59,1197.14,1193.47,1199.89,1197.25 x 800,1197.93 x 900,1420526
1-10-2018  14:9:15,1-10-2018  14:9:15,1197.53,1193.47,1199.89,1197.26 x 800,1198.04 x 900,1420526
1-10-2018  14:9:31,1-10-2018  14:9:31,1197.53,1193.47,1199.89,1197.26 x 800,1198.04 x 900,1420526
1-10-2018  14:9:48,1-10-2018  14:9:48,1197.53,1193.47,1199.89,1197.82 x 800,1198.04 x 900,1420526
1-10-2018  14:10:4,1-10-2018  14:10:4,1197.56,1193.47,1199.89,1197.82 x 800,1198.16 x 900,1420526
1-10-2018  14:10:20,1-10-2018  14:10:20,1197.56,1193.47,1199.89,1197.82 x 800,1198.16 x 900,1420526
1-10-2018  14:10:36,1-10-2018  14:10:36,1197.56,1193.47,1199.89,1197.850 x 800,1198.160 x 900,1420526
1-10-2018  14:10:52,1-10-2018  14:10:52,1197.56,1193.47,1199.89,1197.850 x 800,1198.160 x 900,1420526
1-10-2018  14:11:9,1-10-2018  14:11:9,1197.56,1193.47,1199.89,1197.85 x 800,1198.25 x 900,1420526
1-10-2018  14:11:25,1-10-2018  14:11:25,1197.24,1193.47,1199.89,1197.850 x 800,1198.250 x 900,1420526
1-10-2018  14:11:41,1-10-2018  14:11:41,1197.24,1193.47,1199.89,1197.85 x 800,1198.25 x 900,1420526
1-10-2018  14:11:58,1-10-2018  14:11:58,1197.24,1193.47,1199.89,1197.85 x 800,1198.25 x 900,1420526
1-10-2018  14:12:14,1-10-2018  14:12:14,1197.24,1193.47,1199.89,1197.85 x 800,1198.41 x 900,1420526
1-10-2018  14:12:30,1-10-2018  14:12:30,1197.24,1193.47,1199.89,1197.85 x 800,1198.41 x 900,1420526
1-10-2018  14:12:47,1-10-2018  14:12:47,1197.24,1193.47,1199.89,1197.86 x 800,1198.56 x 900,1420526
1-10-2018  14:13:3,1-10-2018  14:13:3,1197.24,1193.47,1199.89,1197.86 x 800,1198.56 x 900,1420526
1-10-2018  14:13:19,1-10-2018  14:13:19,1197.24,1193.47,1199.89,1197.86 x 800,1198.75 x 900,1420526
1-10-2018  14:13:35,1-10-2018  14:13:35,1196.81,1193.47,1199.89,1197.86 x 800,1198.75 x 900,1420526
1-10-2018  14:13:51,1-10-2018  14:13:51,1196.81,1193.47,1199.89,1198.1500 x 800,1198.7500 x 900,1420526
1-10-2018  14:14:7,1-10-2018  14:14:7,1197.13,1193.47,1199.89,1198.06 x 800,1198.46 x 900,1420526
1-10-2018  14:14:24,1-10-2018  14:14:24,1197.1,1193.47,1199.89,1198.06 x 800,1198.46 x 900,1420526
1-10-2018  14:14:40,1-10-2018  14:14:40,1197.1,1193.47,1199.89,1198.06 x 800,1198.46 x 900,1420526
1-10-2018  14:14:56,1-10-2018  14:14:56,1197.1,1193.47,1199.89,1198.06 x 800,1198.46 x 900,1420526
1-10-2018  14:15:12,1-10-2018  14:15:12,1197.1,1193.47,1199.89,1197.90 x 800,1198.41 x 900,1420526
1-10-2018  14:15:28,1-10-2018  14:15:28,1197.1,1193.47,1199.89,1197.90 x 800,1198.41 x 900,1420526
1-10-2018  14:15:45,1-10-2018  14:15:45,1197.1,1193.47,1199.89,1197.90 x 800,1198.19 x 900,1420526
1-10-2018  14:16:1,1-10-2018  14:16:1,1197.1,1193.47,1199.89,1196.52 x 800,1198.19 x 900,1420526
1-10-2018  14:16:18,1-10-2018  14:16:18,1197.1,1193.47,1199.89,1196.52 x 800,1198.19 x 900,1420526
1-10-2018  14:16:34,1-10-2018  14:16:34,1196.65,1193.47,1199.89,1196.52 x 800,1197.17 x 900,1420526
1-10-2018  14:16:51,1-10-2018  14:16:51,1197.13,1193.47,1199.89,1196.52 x 800,1197.17 x 900,1420526
1-10-2018  14:17:7,1-10-2018  14:17:7,1196.9862,1193.47,1199.89,1196.5200 x 800,1197.1700 x 900,1420526
1-10-2018  14:17:23,1-10-2018  14:17:23,1196.99,1193.47,1199.89,1196.52 x 800,1196.77 x 900,1420526
1-10-2018  14:17:39,1-10-2018  14:17:39,1196.99,1193.47,1199.89,1196.00 x 800,1196.77 x 900,1420526
1-10-2018  14:17:55,1-10-2018  14:17:55,1196.99,1193.47,1199.89,1196.00 x 800,1196.77 x 900,1420526
1-10-2018  14:18:12,1-10-2018  14:18:12,1196.99,1193.47,1199.89,1196.00 x 800,1196.77 x 900,1420526
1-10-2018  14:18:28,1-10-2018  14:18:28,1196.99,1193.47,1199.89,1196.40 x 800,1196.32 x 900,1420526
1-10-2018  14:18:44,1-10-2018  14:18:44,1196.48,1193.47,1199.89,1196.00 x 800,1196.32 x 900,1420526
1-10-2018  14:19:0,1-10-2018  14:19:0,1196.92,1193.47,1199.89,1196.40 x 800,1196.32 x 900,1420526
1-10-2018  14:19:17,1-10-2018  14:19:17,1196.77,1193.47,1199.89,1196.73 x 800,1197.28 x 900,1420526
1-10-2018  14:19:33,1-10-2018  14:19:33,1197.36,1193.47,1199.89,1196.73 x 800,1197.28 x 900,1420526
1-10-2018  14:19:49,1-10-2018  14:19:49,1197.42,1193.47,1199.89,1196.73 x 800,1197.28 x 900,1420526
1-10-2018  14:20:6,1-10-2018  14:20:6,1197.42,1193.47,1199.89,1196.73 x 800,1197.28 x 900,1420526
1-10-2018  14:20:22,1-10-2018  14:20:22,1197.42,1193.47,1199.89,1196.91 x 800,1197.34 x 900,1420526
1-10-2018  14:20:38,1-10-2018  14:20:38,1197.42,1193.47,1199.89,1196.9100 x 800,1197.3400 x 900,1420526
1-10-2018  14:20:54,1-10-2018  14:20:54,1197.42,1193.47,1199.89,1196.9900 x 800,1197.3300 x 900,1420526
1-10-2018  14:21:11,1-10-2018  14:21:11,1196.94,1193.47,1199.89,1196.99 x 800,1197.33 x 900,1420526
1-10-2018  14:21:27,1-10-2018  14:21:27,1197.25,1193.47,1199.89,1196.99 x 800,1197.33 x 900,1420526
1-10-2018  14:21:44,1-10-2018  14:21:44,1197.25,1193.47,1199.89,1196.99 x 800,1197.33 x 900,1420526
1-10-2018  14:22:0,1-10-2018  14:22:0,1197.32,1193.47,1199.89,1197.27 x 800,1197.33 x 900,1420526
1-10-2018  14:22:16,1-10-2018  14:22:16,1197.32,1193.47,1199.89,1197.27 x 800,1197.33 x 900,1420526
1-10-2018  14:22:32,1-10-2018  14:22:32,1197.25,1193.47,1199.89,1197.27 x 800,1197.33 x 900,1420526
1-10-2018  14:22:48,1-10-2018  14:22:48,1196.95,1193.47,1199.89,1196.8400 x 800,1197.0800 x 900,1420526
1-10-2018  14:23:4,1-10-2018  14:23:4,1196.95,1193.47,1199.89,1196.84 x 800,1197.38 x 900,1420526
1-10-2018  14:23:21,1-10-2018  14:23:21,1197.3,1193.47,1199.89,1196.84 x 800,1197.38 x 900,1420526
1-10-2018  14:23:37,1-10-2018  14:23:37,1197.3,1193.47,1199.89,1196.84 x 800,1197.06 x 900,1420526
1-10-2018  14:23:53,1-10-2018  14:23:53,1197.3,1193.47,1199.89,1196.84 x 800,1197.06 x 900,1420526
1-10-2018  14:24:9,1-10-2018  14:24:9,1197.3,1193.47,1199.89,1196.84 x 800,1197.06 x 900,1420526
1-10-2018  14:24:25,1-10-2018  14:24:25,1197.3,1193.47,1199.89,1196.84 x 800,1197.06 x 900,1420526
1-10-2018  14:24:41,1-10-2018  14:24:41,1197.3,1193.47,1199.89,1197.05 x 800,1197.78 x 900,1420526
1-10-2018  14:24:57,1-10-2018  14:24:57,1197.11,1193.47,1199.89,1197.44 x 800,1197.78 x 900,1420526
1-10-2018  14:25:14,1-10-2018  14:25:14,1197.04,1193.47,1199.89,1197.44 x 800,1197.78 x 900,1420526
1-10-2018  14:25:30,1-10-2018  14:25:30,1197.04,1193.47,1199.89,1197.44 x 800,1197.43 x 900,1420526
1-10-2018  14:25:46,1-10-2018  14:25:46,1197.095,1193.47,1199.89,1197.440 x 800,1197.430 x 900,1420526
1-10-2018  14:26:2,1-10-2018  14:26:2,1197.095,1193.47,1199.89,1197.440 x 800,1197.430 x 900,1420526
1-10-2018  14:26:18,1-10-2018  14:26:18,1197.095,1193.47,1199.89,1197.25 x 800,1197.69 x 900,1420526
1-10-2018  14:26:35,1-10-2018  14:26:35,1197.49,1193.47,1199.89,1197.25 x 800,1197.69 x 900,1420526
1-10-2018  14:26:51,1-10-2018  14:26:51,1197.49,1193.47,1199.89,1197.25 x 800,1197.69 x 900,1420526
1-10-2018  14:27:7,1-10-2018  14:27:7,1197.49,1193.47,1199.89,1197.25 x 800,1197.69 x 900,1420526
1-10-2018  14:27:23,1-10-2018  14:27:23,1197.31,1193.47,1199.89,1197.05 x 800,1197.47 x 900,1420526
1-10-2018  14:27:39,1-10-2018  14:27:39,1197.26,1193.47,1199.89,1197.05 x 800,1197.47 x 900,1420526
1-10-2018  14:27:55,1-10-2018  14:27:55,1197.31,1193.47,1199.89,1196.59 x 800,1197.19 x 900,1420526
1-10-2018  14:28:11,1-10-2018  14:28:11,1197.315,1193.47,1199.89,1196.590 x 800,1197.190 x 900,1420526
1-10-2018  14:28:27,1-10-2018  14:28:27,1197.31,1193.47,1199.89,1196.59 x 800,1197.19 x 900,1420526
1-10-2018  14:28:44,1-10-2018  14:28:44,1197.31,1193.47,1199.89,1196.59 x 800,1197.19 x 900,1420526
1-10-2018  14:29:0,1-10-2018  14:29:0,1197.31,1193.47,1199.89,1196.59 x 800,1197.19 x 900,1420526
1-10-2018  14:29:16,1-10-2018  14:29:16,1197.08,1193.47,1199.89,1196.72 x 800,1197.51 x 900,1420526
1-10-2018  14:29:32,1-10-2018  14:29:32,1197.08,1193.47,1199.89,1196.72 x 800,1197.51 x 900,1420526
1-10-2018  14:29:48,1-10-2018  14:29:48,1197.215,1193.47,1199.89,1196.720 x 800,1197.510 x 900,1420526
1-10-2018  14:30:4,1-10-2018  14:30:4,1197.28,1193.47,1199.89,1196.85 x 800,1197.13 x 900,1420526
1-10-2018  14:30:20,1-10-2018  14:30:20,1197.28,1193.47,1199.89,1196.85 x 800,1197.13 x 900,1420526
1-10-2018  14:30:36,1-10-2018  14:30:36,1197.28,1193.47,1199.89,1196.850 x 800,1197.130 x 900,1420526
1-10-2018  14:30:52,1-10-2018  14:30:52,1196.79,1193.47,1199.89,1196.52 x 800,1197.13 x 900,1420526
1-10-2018  14:31:9,1-10-2018  14:31:9,1196.4778,1193.47,1199.89,1196.5200 x 800,1197.1300 x 900,1420526
1-10-2018  14:31:25,1-10-2018  14:31:25,1196.4778,1193.47,1199.89,1196.5200 x 800,1197.1300 x 900,1420526
1-10-2018  14:31:41,1-10-2018  14:31:41,1196.3,1193.47,1199.89,1196.52 x 800,1197.06 x 900,1420526
1-10-2018  14:31:57,1-10-2018  14:31:57,1196.3,1193.47,1199.89,1196.52 x 800,1197.06 x 900,1420526
1-10-2018  14:32:13,1-10-2018  14:32:13,1196.3,1193.47,1199.89,1196.52 x 800,1197.06 x 900,1420526
1-10-2018  14:32:29,1-10-2018  14:32:29,1196.0,1193.47,1199.89,1196.6600 x 800,1197.3800 x 900,1420526
1-10-2018  14:32:45,1-10-2018  14:32:45,1195.72,1193.47,1199.89,1196.66 x 800,1197.38 x 900,1420526
1-10-2018  14:33:1,1-10-2018  14:33:1,1195.72,1193.47,1199.89,1196.49 x 800,1196.99 x 900,1420526
1-10-2018  14:33:17,1-10-2018  14:33:17,1195.56,1193.47,1199.89,1196.49 x 800,1196.99 x 900,1420526
1-10-2018  14:33:33,1-10-2018  14:33:33,1195.56,1193.47,1199.89,1196.49 x 800,1196.99 x 900,1420526
1-10-2018  14:33:49,1-10-2018  14:33:49,1196.1,1193.47,1199.89,1196.49 x 800,1196.97 x 900,1420526
1-10-2018  14:34:5,1-10-2018  14:34:5,1196.1,1193.47,1199.89,1196.49 x 800,1196.97 x 900,1420526
1-10-2018  14:34:21,1-10-2018  14:34:21,1196.1,1193.47,1199.89,1196.49 x 800,1196.97 x 900,1420526
1-10-2018  14:34:37,1-10-2018  14:34:37,1195.74,1193.47,1199.89,1196.49 x 800,1196.97 x 900,1420526
1-10-2018  14:34:53,1-10-2018  14:34:53,1195.61,1193.47,1199.89,1197.43 x 800,1197.80 x 900,1420526
1-10-2018  14:35:9,1-10-2018  14:35:9,1195.0,1193.47,1199.89,1197.43 x 800,1197.80 x 900,1420526
1-10-2018  14:35:26,1-10-2018  14:35:26,1194.95,1193.47,1199.89,1197.43 x 800,1197.80 x 900,1420526
1-10-2018  14:35:42,1-10-2018  14:35:42,1194.8,1193.47,1199.89,1197.43 x 800,1197.80 x 900,1420526
1-10-2018  14:35:58,1-10-2018  14:35:58,1195.27,1193.47,1199.89,1197.4301 x 800,1197.8000 x 900,1420526
1-10-2018  14:36:14,1-10-2018  14:36:14,1195.27,1193.47,1199.89,1196.590 x 800,1197.230 x 900,1420526
1-10-2018  14:36:30,1-10-2018  14:36:30,1195.27,1193.47,1199.89,1196.590 x 800,1197.230 x 900,1420526
1-10-2018  14:36:46,1-10-2018  14:36:46,1195.27,1193.47,1199.89,1196.590 x 800,1197.230 x 900,1420526
1-10-2018  14:37:3,1-10-2018  14:37:3,1195.5687,1193.47,1199.89,1196.5900 x 800,1197.2300 x 900,1420526
1-10-2018  14:37:19,1-10-2018  14:37:19,1195.57,1193.47,1199.89,1196.59 x 800,1197.23 x 900,1420526
1-10-2018  14:37:35,1-10-2018  14:37:35,1195.57,1193.47,1199.89,1197.16 x 800,1197.98 x 900,1420526
1-10-2018  14:37:51,1-10-2018  14:37:51,1195.6,1193.47,1199.89,1197.16 x 800,1197.98 x 900,1420526
1-10-2018  14:38:8,1-10-2018  14:38:8,1195.6,1193.47,1199.89,1197.16 x 800,1197.98 x 900,1420526
1-10-2018  14:38:24,1-10-2018  14:38:24,1195.6,1193.47,1199.89,1196.76 x 800,1197.46 x 900,1420526
1-10-2018  14:38:41,1-10-2018  14:38:41,1195.81,1193.47,1199.89,1196.76 x 800,1197.46 x 900,1420526
1-10-2018  14:38:57,1-10-2018  14:38:57,1195.81,1193.47,1199.89,1196.76 x 800,1197.46 x 900,1420526
1-10-2018  14:39:13,1-10-2018  14:39:13,1195.88,1193.47,1199.89,1196.99 x 800,1197.80 x 900,1420526
1-10-2018  14:39:30,1-10-2018  14:39:30,1195.88,1193.47,1199.89,1196.99 x 800,1197.70 x 900,1420526
1-10-2018  14:39:46,1-10-2018  14:39:46,1196.05,1193.47,1199.89,1196.99 x 800,1197.80 x 900,1420526
1-10-2018  14:40:2,1-10-2018  14:40:2,1196.05,1193.47,1199.89,1197.04 x 800,1197.31 x 900,1420526
1-10-2018  14:40:18,1-10-2018  14:40:18,1195.74,1193.47,1199.89,1197.04 x 800,1197.31 x 900,1420526
1-10-2018  14:40:35,1-10-2018  14:40:35,1195.61,1193.47,1199.89,1197.04 x 800,1197.31 x 900,1420526
1-10-2018  14:40:51,1-10-2018  14:40:51,1195.61,1193.47,1199.89,1196.850 x 800,1197.310 x 900,1420526
1-10-2018  14:41:7,1-10-2018  14:41:7,1195.61,1193.47,1199.89,1196.940 x 800,1197.340 x 900,1420526
1-10-2018  14:41:23,1-10-2018  14:41:23,1195.61,1193.47,1199.89,1196.94 x 800,1197.34 x 900,1420526
1-10-2018  14:41:39,1-10-2018  14:41:39,1195.61,1193.47,1199.89,1196.94 x 800,1197.34 x 900,1420526
1-10-2018  14:41:56,1-10-2018  14:41:56,1195.61,1193.47,1199.89,1196.94 x 800,1197.34 x 900,1420526
1-10-2018  14:42:12,1-10-2018  14:42:12,1194.69,1193.47,1199.89,1197.19 x 800,1197.79 x 900,1420526
1-10-2018  14:42:28,1-10-2018  14:42:28,1194.9872,1193.47,1199.89,1197.1899 x 800,1197.7900 x 900,1420526
1-10-2018  14:42:44,1-10-2018  14:42:44,1194.9872,1193.47,1199.89,1197.1899 x 800,1197.7900 x 900,1420526
1-10-2018  14:43:1,1-10-2018  14:43:1,1195.2799,1193.47,1199.89,1197.1100 x 800,1197.6500 x 900,1420526
1-10-2018  14:43:17,1-10-2018  14:43:17,1195.2799,1193.47,1199.89,1197.1100 x 800,1197.6500 x 900,1420526
1-10-2018  14:43:33,1-10-2018  14:43:33,1195.28,1193.47,1199.89,1197.010 x 800,1197.650 x 900,1420526
1-10-2018  14:43:49,1-10-2018  14:43:49,1195.28,1193.47,1199.89,1197.010 x 800,1197.650 x 900,1420526
1-10-2018  14:44:5,1-10-2018  14:44:5,1195.28,1193.47,1199.89,1197.01 x 800,1197.65 x 900,1420526
1-10-2018  14:44:21,1-10-2018  14:44:21,1195.28,1193.47,1199.89,1197.01 x 800,1197.65 x 900,1420526
1-10-2018  14:44:37,1-10-2018  14:44:37,1195.28,1193.47,1199.89,1197.01 x 800,1197.65 x 900,1420526
1-10-2018  14:44:53,1-10-2018  14:44:53,1195.28,1193.47,1199.89,1197.09 x 800,1197.48 x 900,1420526
1-10-2018  14:45:10,1-10-2018  14:45:10,1195.28,1193.47,1199.89,1197.09 x 800,1197.48 x 900,1420526
1-10-2018  14:45:25,1-10-2018  14:45:25,1195.95,1193.47,1199.89,1196.85 x 800,1197.27 x 900,1420526
1-10-2018  14:45:42,1-10-2018  14:45:42,1195.95,1193.47,1199.89,1196.85 x 800,1197.27 x 900,1420526
1-10-2018  14:45:58,1-10-2018  14:45:58,1196.28,1193.47,1199.89,1196.85 x 800,1197.27 x 900,1420526
1-10-2018  14:46:14,1-10-2018  14:46:14,1195.99,1193.47,1199.89,1196.2500 x 800,1196.9399 x 900,1420526
1-10-2018  14:46:30,1-10-2018  14:46:30,1195.89,1193.47,1199.89,1196.25 x 800,1196.94 x 900,1420526
1-10-2018  14:46:47,1-10-2018  14:46:47,1195.89,1193.47,1199.89,1196.25 x 800,1196.89 x 900,1420526
1-10-2018  14:47:3,1-10-2018  14:47:3,1196.28,1193.47,1199.89,1196.25 x 800,1196.89 x 900,1420526
1-10-2018  14:47:19,1-10-2018  14:47:19,1196.11,1193.47,1199.89,1196.25 x 800,1196.89 x 900,1420526
1-10-2018  14:47:36,1-10-2018  14:47:36,1196.27,1193.47,1199.89,1196.25 x 800,1196.89 x 900,1420526
1-10-2018  14:47:52,1-10-2018  14:47:52,1196.25,1193.47,1199.89,1195.89 x 800,1196.38 x 900,1420526
1-10-2018  14:48:9,1-10-2018  14:48:9,1196.25,1193.47,1199.89,1195.89 x 800,1196.38 x 900,1420526
1-10-2018  14:48:25,1-10-2018  14:48:25,1196.09,1193.47,1199.89,1195.89 x 800,1195.95 x 900,1420526
1-10-2018  14:48:41,1-10-2018  14:48:41,1196.09,1193.47,1199.89,1195.89 x 800,1195.95 x 900,1420526
1-10-2018  14:48:57,1-10-2018  14:48:57,1196.09,1193.47,1199.89,1195.25 x 800,1195.95 x 900,1420526
1-10-2018  14:49:14,1-10-2018  14:49:14,1196.005,1193.47,1199.89,1195.250 x 800,1196.110 x 900,1420526
1-10-2018  14:49:30,1-10-2018  14:49:30,1196.0,1193.47,1199.89,1195.76 x 800,1196.11 x 900,1420526
1-10-2018  14:49:46,1-10-2018  14:49:46,1196.0,1193.47,1199.89,1195.76 x 800,1196.11 x 900,1420526
1-10-2018  14:50:2,1-10-2018  14:50:2,1196.0,1193.47,1199.89,1195.76 x 800,1196.11 x 900,1420526
1-10-2018  14:50:19,1-10-2018  14:50:19,1195.68,1193.47,1199.89,1195.17 x 800,1195.70 x 900,1420526
1-10-2018  14:50:35,1-10-2018  14:50:35,1195.68,1193.47,1199.89,1195.17 x 800,1195.70 x 900,1420526
1-10-2018  14:50:51,1-10-2018  14:50:51,1195.78,1193.47,1199.89,1195.17 x 800,1195.24 x 900,1420526
1-10-2018  14:51:8,1-10-2018  14:51:8,1195.78,1193.47,1199.89,1195.17 x 800,1195.24 x 900,1420526
1-10-2018  14:51:24,1-10-2018  14:51:24,1195.78,1193.47,1199.89,1194.870 x 800,1195.240 x 900,1420526
1-10-2018  14:51:40,1-10-2018  14:51:40,1195.78,1193.47,1199.89,1194.870 x 800,1195.710 x 900,1420526
1-10-2018  14:51:56,1-10-2018  14:51:56,1195.78,1193.47,1199.89,1194.87 x 800,1195.71 x 900,1420526
1-10-2018  14:52:12,1-10-2018  14:52:12,1195.7,1193.47,1199.89,1194.87 x 800,1195.71 x 900,1420526
1-10-2018  14:52:29,1-10-2018  14:52:29,1195.7,1193.47,1199.89,1195.210 x 800,1195.700 x 900,1420526
1-10-2018  14:52:45,1-10-2018  14:52:45,1195.81,1193.47,1199.89,1195.21 x 800,1195.70 x 900,1420526
1-10-2018  14:53:2,1-10-2018  14:53:2,1195.81,1193.47,1199.89,1195.21 x 800,1195.70 x 900,1420526
1-10-2018  14:53:18,1-10-2018  14:53:18,1195.81,1193.47,1199.89,1195.43 x 800,1195.82 x 900,1420526
1-10-2018  14:53:34,1-10-2018  14:53:34,1195.73,1193.47,1199.89,1195.43 x 800,1195.82 x 900,1420526
1-10-2018  14:53:51,1-10-2018  14:53:51,1195.53,1193.47,1199.89,1195.40 x 800,1195.82 x 900,1420526
1-10-2018  14:54:6,1-10-2018  14:54:6,1195.53,1193.47,1199.89,1195.40 x 800,1196.37 x 900,1420526
1-10-2018  14:54:22,1-10-2018  14:54:22,1195.38,1193.47,1199.89,1195.40 x 800,1196.37 x 900,1420526
1-10-2018  14:54:39,1-10-2018  14:54:39,1195.38,1193.47,1199.89,1195.40 x 800,1196.37 x 900,1420526
1-10-2018  14:54:55,1-10-2018  14:54:55,1195.17,1193.47,1199.89,1195.40 x 800,1196.37 x 900,1420526
1-10-2018  14:55:12,1-10-2018  14:55:12,1195.21,1193.47,1199.89,1195.84 x 800,1196.18 x 900,1420526
1-10-2018  14:55:28,1-10-2018  14:55:28,1195.21,1193.47,1199.89,1195.8500 x 800,1196.2500 x 900,1420526
1-10-2018  14:55:45,1-10-2018  14:55:45,1195.21,1193.47,1199.89,1195.8500 x 800,1196.2500 x 900,1420526
1-10-2018  14:56:1,1-10-2018  14:56:1,1195.55,1193.47,1199.89,1195.85 x 800,1196.25 x 900,1420526
1-10-2018  14:56:17,1-10-2018  14:56:17,1195.55,1193.47,1199.89,1195.85 x 800,1196.25 x 900,1420526
1-10-2018  14:56:33,1-10-2018  14:56:33,1195.55,1193.47,1199.89,1195.85 x 800,1196.25 x 900,1420526
1-10-2018  14:56:49,1-10-2018  14:56:49,1195.55,1193.47,1199.89,1195.47 x 800,1195.55 x 900,1420526
1-10-2018  14:57:5,1-10-2018  14:57:5,1195.55,1193.47,1199.89,1195.47 x 800,1195.55 x 900,1420526
1-10-2018  14:57:22,1-10-2018  14:57:22,1195.55,1193.47,1199.89,1194.54 x 800,1195.55 x 900,1420526
1-10-2018  14:57:38,1-10-2018  14:57:38,1195.55,1193.47,1199.89,1194.54 x 800,1194.95 x 900,1420526
1-10-2018  14:57:54,1-10-2018  14:57:54,1195.16,1193.47,1199.89,1194.54 x 800,1194.95 x 900,1420526
1-10-2018  14:58:11,1-10-2018  14:58:11,1195.16,1193.47,1199.89,1195.0100 x 800,1195.7300 x 900,1420526
1-10-2018  14:58:27,1-10-2018  14:58:27,1194.88,1193.47,1199.89,1194.54 x 800,1194.95 x 900,1420526
1-10-2018  14:58:43,1-10-2018  14:58:43,1194.88,1193.47,1199.89,1195.010 x 800,1195.730 x 900,1420526
1-10-2018  14:59:0,1-10-2018  14:59:0,1194.88,1193.47,1199.89,1195.01 x 800,1195.73 x 900,1420526
1-10-2018  14:59:16,1-10-2018  14:59:16,1194.7465,1193.47,1199.89,1195.0100 x 800,1195.7300 x 900,1420526
1-10-2018  14:59:32,1-10-2018  14:59:32,1194.75,1193.47,1199.89,1195.01 x 800,1195.73 x 900,1420526
1-10-2018  14:59:49,1-10-2018  14:59:49,1194.7465,1193.47,1199.89,1195.0500 x 800,1195.6400 x 900,1420526
1-10-2018  15:0:5,1-10-2018  15:0:5,1194.975,1193.47,1199.89,1195.050 x 800,1195.640 x 900,1420526
1-10-2018  15:0:21,1-10-2018  15:0:21,1195.56,1193.47,1199.89,1195.05 x 800,1195.64 x 900,1420526
1-10-2018  15:0:38,1-10-2018  15:0:38,1195.09,1193.47,1199.89,1195.74 x 800,1196.28 x 900,1420526
1-10-2018  15:0:54,1-10-2018  15:0:54,1195.09,1193.47,1199.89,1195.74 x 800,1196.28 x 900,1420526
1-10-2018  15:1:10,1-10-2018  15:1:10,1195.08,1193.47,1199.89,1195.74 x 800,1196.28 x 900,1420526
1-10-2018  15:1:26,1-10-2018  15:1:26,1195.08,1193.47,1199.89,1195.74 x 800,1196.28 x 900,1420526
1-10-2018  15:1:42,1-10-2018  15:1:42,1195.1689,1193.47,1199.89,1195.9301 x 800,1196.4700 x 900,1420526
1-10-2018  15:1:59,1-10-2018  15:1:59,1195.56,1193.47,1199.89,1195.93 x 800,1196.47 x 900,1420526
1-10-2018  15:2:15,1-10-2018  15:2:15,1195.9146,1193.47,1199.89,1195.9301 x 800,1196.4700 x 900,1420526
1-10-2018  15:2:31,1-10-2018  15:2:31,1195.9146,1193.47,1199.89,1195.7700 x 800,1196.5100 x 900,1420526
1-10-2018  15:2:47,1-10-2018  15:2:47,1195.9146,1193.47,1199.89,1195.7700 x 800,1196.5100 x 900,1420526
1-10-2018  15:3:3,1-10-2018  15:3:3,1195.29,1193.47,1199.89,1195.77 x 800,1196.51 x 900,1420526
1-10-2018  15:3:20,1-10-2018  15:3:20,1195.29,1193.47,1199.89,1195.76 x 800,1196.26 x 900,1420526
1-10-2018  15:3:36,1-10-2018  15:3:36,1194.85,1193.47,1199.89,1195.76 x 800,1196.26 x 900,1420526
1-10-2018  15:3:52,1-10-2018  15:3:52,1194.855,1193.47,1199.89,1195.760 x 800,1196.260 x 900,1420526
1-10-2018  15:4:8,1-10-2018  15:4:8,1195.02,1193.47,1199.89,1195.77 x 800,1196.28 x 900,1420526
1-10-2018  15:4:24,1-10-2018  15:4:24,1195.02,1193.47,1199.89,1195.77 x 800,1196.28 x 900,1420526
1-10-2018  15:4:41,1-10-2018  15:4:41,1195.02,1193.47,1199.89,1195.77 x 800,1196.28 x 900,1420526
1-10-2018  15:4:57,1-10-2018  15:4:57,1195.4343,1193.47,1199.89,1195.7700 x 800,1196.2800 x 900,1420526
1-10-2018  15:5:13,1-10-2018  15:5:13,1195.43,1193.47,1199.89,1195.80 x 800,1195.74 x 900,1420526
1-10-2018  15:5:29,1-10-2018  15:5:29,1195.53,1193.47,1199.89,1195.80 x 800,1195.74 x 900,1420526
1-10-2018  15:5:46,1-10-2018  15:5:46,1195.53,1193.47,1199.89,1195.80 x 800,1195.74 x 900,1420526
1-10-2018  15:6:2,1-10-2018  15:6:2,1196.06,1193.47,1199.89,1195.80 x 800,1195.74 x 900,1420526
1-10-2018  15:6:18,1-10-2018  15:6:18,1196.06,1193.47,1199.89,1195.37 x 800,1195.74 x 900,1420526
1-10-2018  15:6:42,1-10-2018  15:6:42,1196.06,1193.47,1199.89,1195.370 x 800,1195.990 x 900,1420526
1-10-2018  15:6:58,1-10-2018  15:6:58,1195.45,1193.47,1199.89,1195.78 x 800,1196.27 x 900,1420526
1-10-2018  15:7:14,1-10-2018  15:7:14,1195.45,1193.47,1199.89,1195.78 x 800,1196.27 x 900,1420526
1-10-2018  15:7:30,1-10-2018  15:7:30,1195.77,1193.47,1199.89,1195.78 x 800,1196.27 x 900,1420526
1-10-2018  15:7:47,1-10-2018  15:7:47,1195.77,1193.47,1199.89,1195.78 x 800,1196.27 x 900,1420526
1-10-2018  15:8:3,1-10-2018  15:8:3,1195.84,1193.47,1199.89,1195.78 x 800,1196.27 x 900,1420526
1-10-2018  15:8:19,1-10-2018  15:8:19,1195.84,1193.47,1199.89,1195.24 x 800,1195.82 x 900,1420526
1-10-2018  15:8:35,1-10-2018  15:8:35,1195.45,1193.47,1199.89,1195.47 x 800,1195.82 x 900,1420526
1-10-2018  15:8:51,1-10-2018  15:8:51,1195.53,1193.47,1199.89,1195.47 x 800,1196.23 x 900,1420526
1-10-2018  15:9:7,1-10-2018  15:9:7,1195.375,1193.47,1199.89,1195.470 x 800,1196.230 x 900,1420526
1-10-2018  15:9:23,1-10-2018  15:9:23,1195.38,1193.47,1199.89,1195.53 x 800,1195.94 x 900,1420526
1-10-2018  15:9:39,1-10-2018  15:9:39,1195.38,1193.47,1199.89,1195.53 x 800,1195.94 x 900,1420526
1-10-2018  15:9:56,1-10-2018  15:9:56,1195.38,1193.47,1199.89,1195.53 x 800,1195.94 x 900,1420526
1-10-2018  15:10:12,1-10-2018  15:10:12,1195.38,1193.47,1199.89,1194.51 x 800,1195.94 x 900,1420526
1-10-2018  15:10:28,1-10-2018  15:10:28,1195.38,1193.47,1199.89,1194.51 x 800,1195.94 x 900,1420526
1-10-2018  15:10:45,1-10-2018  15:10:45,1195.38,1193.47,1199.89,1194.51 x 800,1195.94 x 900,1420526
1-10-2018  15:11:1,1-10-2018  15:11:1,1195.38,1193.47,1199.89,1194.61 x 800,1195.51 x 900,1420526
1-10-2018  15:11:17,1-10-2018  15:11:17,1194.9301,1193.47,1199.89,1194.6100 x 800,1195.5100 x 900,1420526
1-10-2018  15:11:33,1-10-2018  15:11:33,1194.59,1193.47,1199.89,1194.59 x 800,1195.51 x 900,1420526
1-10-2018  15:11:49,1-10-2018  15:11:49,1194.56,1193.47,1199.89,1194.59 x 800,1195.51 x 900,1420526
1-10-2018  15:12:6,1-10-2018  15:12:6,1194.61,1193.47,1199.89,1194.59 x 800,1195.17 x 900,1420526
1-10-2018  15:12:22,1-10-2018  15:12:22,1194.34,1193.47,1199.89,1194.59 x 800,1195.17 x 900,1420526
1-10-2018  15:12:38,1-10-2018  15:12:38,1194.34,1193.47,1199.89,1194.5900 x 800,1195.1700 x 900,1420526
1-10-2018  15:12:55,1-10-2018  15:12:55,1194.34,1193.47,1199.89,1195.14 x 800,1195.75 x 900,1420526
1-10-2018  15:13:12,1-10-2018  15:13:12,1194.11,1193.47,1199.89,1194.480 x 800,1195.750 x 900,1420526
1-10-2018  15:13:28,1-10-2018  15:13:28,1194.4,1193.47,1199.89,1194.48 x 800,1195.47 x 900,1420526
1-10-2018  15:13:45,1-10-2018  15:13:45,1194.4,1193.47,1199.89,1194.48 x 800,1195.47 x 900,1420526
1-10-2018  15:14:1,1-10-2018  15:14:1,1194.58,1193.47,1199.89,1194.67 x 800,1195.47 x 900,1420526
1-10-2018  15:14:18,1-10-2018  15:14:18,1194.64,1193.47,1199.89,1194.67 x 800,1195.47 x 900,1420526
1-10-2018  15:14:34,1-10-2018  15:14:34,1194.64,1193.47,1199.89,1194.67 x 800,1195.47 x 900,1420526
1-10-2018  15:14:50,1-10-2018  15:14:50,1194.64,1193.47,1199.89,1194.63 x 800,1195.28 x 900,1420526
1-10-2018  15:15:6,1-10-2018  15:15:6,1194.64,1193.47,1199.89,1194.6300 x 800,1195.2800 x 900,1420526
1-10-2018  15:15:22,1-10-2018  15:15:22,1194.5555,1193.47,1199.89,1194.6300 x 800,1195.2800 x 900,1420526
1-10-2018  15:15:38,1-10-2018  15:15:38,1194.56,1193.47,1199.89,1194.63 x 800,1195.33 x 900,1420526
1-10-2018  15:15:54,1-10-2018  15:15:54,1194.56,1193.47,1199.89,1194.63 x 800,1195.33 x 900,1420526
1-10-2018  15:16:11,1-10-2018  15:16:11,1194.62,1193.47,1199.89,1194.63 x 800,1195.33 x 900,1420526
1-10-2018  15:16:27,1-10-2018  15:16:27,1195.0267,1193.47,1199.89,1194.7300 x 800,1195.5400 x 900,1420526
1-10-2018  15:16:44,1-10-2018  15:16:44,1195.02,1193.47,1199.89,1194.73 x 800,1195.54 x 900,1420526
1-10-2018  15:17:0,1-10-2018  15:17:0,1195.02,1193.47,1199.89,1195.0100 x 800,1195.5300 x 900,1420526
1-10-2018  15:17:16,1-10-2018  15:17:16,1194.88,1193.47,1199.89,1195.0100 x 800,1195.5300 x 900,1420526
1-10-2018  15:17:32,1-10-2018  15:17:32,1194.57,1193.47,1199.89,1195.01 x 800,1195.53 x 900,1420526
1-10-2018  15:17:49,1-10-2018  15:17:49,1194.38,1193.47,1199.89,1195.01 x 800,1195.53 x 900,1420526
1-10-2018  15:18:5,1-10-2018  15:18:5,1194.84,1193.47,1199.89,1195.57 x 800,1196.21 x 900,1420526
1-10-2018  15:18:21,1-10-2018  15:18:21,1194.84,1193.47,1199.89,1195.57 x 800,1196.21 x 900,1420526
1-10-2018  15:18:38,1-10-2018  15:18:38,1194.84,1193.47,1199.89,1195.03 x 800,1195.57 x 900,1420526
1-10-2018  15:18:54,1-10-2018  15:18:54,1194.84,1193.47,1199.89,1195.03 x 800,1195.57 x 900,1420526
1-10-2018  15:19:10,1-10-2018  15:19:10,1194.84,1193.47,1199.89,1194.66 x 800,1195.08 x 900,1420526
1-10-2018  15:19:26,1-10-2018  15:19:26,1194.84,1193.47,1199.89,1194.66 x 800,1195.08 x 900,1420526
1-10-2018  15:19:43,1-10-2018  15:19:43,1194.0,1193.47,1199.89,1194.66 x 800,1195.08 x 900,1420526
1-10-2018  15:19:59,1-10-2018  15:19:59,1194.0,1193.47,1199.89,1194.66 x 800,1195.08 x 900,1420526
1-10-2018  15:20:15,1-10-2018  15:20:15,1194.49,1193.47,1199.89,1195.31 x 800,1196.16 x 900,1420526
1-10-2018  15:20:31,1-10-2018  15:20:31,1194.53,1193.47,1199.89,1195.31 x 800,1196.16 x 900,1420526
1-10-2018  15:20:48,1-10-2018  15:20:48,1194.53,1193.47,1199.89,1195.31 x 800,1196.16 x 900,1420526
1-10-2018  15:21:4,1-10-2018  15:21:4,1194.49,1193.47,1199.89,1195.31 x 800,1195.78 x 900,1420526
1-10-2018  15:21:20,1-10-2018  15:21:20,1194.49,1193.47,1199.89,1195.31 x 800,1195.78 x 900,1420526
1-10-2018  15:21:36,1-10-2018  15:21:36,1194.49,1193.47,1199.89,1195.36 x 800,1195.78 x 900,1420526
1-10-2018  15:21:52,1-10-2018  15:21:52,1194.49,1193.47,1199.89,1195.36 x 800,1195.78 x 900,1420526
1-10-2018  15:22:9,1-10-2018  15:22:9,1194.68,1193.47,1199.89,1195.45 x 800,1195.97 x 900,1420526
1-10-2018  15:22:25,1-10-2018  15:22:25,1194.38,1193.47,1199.89,1195.45 x 800,1195.97 x 900,1420526
