time,time,Main Price,Prev Close,Open,Bid,Ask,Volume
1-10-2018  9:59:28,1-10-2018  9:59:28,26.86,27.07,27.0,27.16 x 800,27.20 x 800,16947573
1-10-2018  9:59:45,1-10-2018  9:59:45,26.85,27.07,27.0,27.15 x 800,27.17 x 800,16947573
1-10-2018  10:0:1,1-10-2018  10:0:1,26.815,27.07,27.0,27.150 x 800,27.170 x 800,16947573
1-10-2018  10:0:17,1-10-2018  10:0:17,26.78,27.07,27.0,27.15 x 800,27.17 x 800,16947573
1-10-2018  10:0:33,1-10-2018  10:0:33,26.82,27.07,27.0,27.19 x 900,27.20 x 800,16947573
1-10-2018  10:0:49,1-10-2018  10:0:49,26.85,27.07,27.0,27.190 x 900,27.200 x 800,16947573
1-10-2018  10:1:5,1-10-2018  10:1:5,26.85,27.07,27.0,27.19 x 900,27.20 x 800,16947573
1-10-2018  10:1:21,1-10-2018  10:1:21,26.865,27.07,27.0,27.190 x 900,27.200 x 800,16947573
1-10-2018  10:1:37,1-10-2018  10:1:37,26.92,27.07,27.0,27.1900 x 1400,27.2000 x 800,16947573
1-10-2018  10:1:53,1-10-2018  10:1:53,26.94,27.07,27.0,27.26 x 1400,27.29 x 800,16947573
1-10-2018  10:2:9,1-10-2018  10:2:9,26.96,27.07,27.0,27.26 x 1400,27.29 x 800,16947573
1-10-2018  10:2:25,1-10-2018  10:2:25,26.96,27.07,27.0,27.26 x 1400,27.29 x 800,16947573
1-10-2018  10:2:41,1-10-2018  10:2:41,26.9899,27.07,27.0,27.1700 x 1100,27.1900 x 800,16947573
1-10-2018  10:2:57,1-10-2018  10:2:57,27.02,27.07,27.0,27.17 x 1100,27.19 x 800,16947573
1-10-2018  10:3:13,1-10-2018  10:3:13,27.0,27.07,27.0,27.02 x 1100,27.04 x 800,16947573
1-10-2018  10:3:29,1-10-2018  10:3:29,27.02,27.07,27.0,27.02 x 1100,27.04 x 800,16947573
1-10-2018  10:3:46,1-10-2018  10:3:46,27.05,27.07,27.0,27.02 x 1100,27.04 x 800,16947573
1-10-2018  10:4:2,1-10-2018  10:4:2,27.03,27.07,27.0,27.03 x 1100,27.03 x 800,16947573
1-10-2018  10:4:18,1-10-2018  10:4:18,27.024,27.07,27.0,27.030 x 1100,27.030 x 800,16947573
1-10-2018  10:4:34,1-10-2018  10:4:34,27.045,27.07,27.0,27.030 x 1100,27.030 x 800,16947573
1-10-2018  10:4:50,1-10-2018  10:4:50,27.04,27.07,27.0,26.97 x 1100,26.98 x 800,16947573
1-10-2018  10:5:6,1-10-2018  10:5:6,27.035,27.07,27.0,26.970 x 1100,26.980 x 800,16947573
1-10-2018  10:5:22,1-10-2018  10:5:22,27.0,27.07,27.0,26.97 x 1100,26.98 x 800,16947573
1-10-2018  10:5:38,1-10-2018  10:5:38,27.01,27.07,27.0,26.910 x 1100,26.920 x 800,16947573
1-10-2018  10:5:54,1-10-2018  10:5:54,27.01,27.07,27.0,26.91 x 1100,26.92 x 800,16947573
1-10-2018  10:6:10,1-10-2018  10:6:10,27.0,27.07,27.0,26.91 x 1100,26.92 x 800,16947573
1-10-2018  10:6:27,1-10-2018  10:6:27,27.01,27.07,27.0,26.90 x 1100,26.93 x 1400,16947573
1-10-2018  10:6:42,1-10-2018  10:6:42,27.0,27.07,27.0,26.90 x 1100,26.93 x 1400,16947573
1-10-2018  10:6:58,1-10-2018  10:6:58,26.98,27.07,27.0,26.90 x 1100,26.93 x 1400,16947573
1-10-2018  10:7:15,1-10-2018  10:7:15,26.98,27.07,27.0,26.82 x 1100,26.88 x 1400,16947573
1-10-2018  10:7:31,1-10-2018  10:7:31,26.98,27.07,27.0,26.82 x 1100,26.88 x 1400,16947573
1-10-2018  10:7:47,1-10-2018  10:7:47,26.98,27.07,27.0,26.820 x 1100,26.880 x 1400,16947573
1-10-2018  10:8:3,1-10-2018  10:8:3,27.01,27.07,27.0,26.82 x 1100,26.88 x 1400,16947573
1-10-2018  10:8:19,1-10-2018  10:8:19,27.0,27.07,27.0,26.88 x 1100,26.92 x 1400,16947573
1-10-2018  10:8:35,1-10-2018  10:8:35,27.022,27.07,27.0,26.880 x 1100,26.920 x 1400,16947573
1-10-2018  10:8:51,1-10-2018  10:8:51,27.01,27.07,27.0,26.91 x 1100,26.92 x 1400,16947573
1-10-2018  10:9:7,1-10-2018  10:9:7,27.0,27.07,27.0,26.91 x 1100,26.92 x 1400,16947573
1-10-2018  10:9:23,1-10-2018  10:9:23,27.01,27.07,27.0,26.9100 x 1100,26.9200 x 1400,16947573
1-10-2018  10:9:39,1-10-2018  10:9:39,26.99,27.07,27.0,26.91 x 1100,26.92 x 1400,16947573
1-10-2018  10:9:55,1-10-2018  10:9:55,26.99,27.07,27.0,26.91 x 1100,26.92 x 1400,16947573
1-10-2018  10:10:11,1-10-2018  10:10:11,27.02,27.07,27.0,26.93 x 1100,26.94 x 1400,16947573
1-10-2018  10:10:27,1-10-2018  10:10:27,27.01,27.07,27.0,26.93 x 1100,26.94 x 1400,16947573
1-10-2018  10:10:43,1-10-2018  10:10:43,27.015,27.07,27.0,26.930 x 1100,26.940 x 1400,16947573
1-10-2018  10:10:59,1-10-2018  10:10:59,27.03,27.07,27.0,26.93 x 1100,26.94 x 1400,16947573
1-10-2018  10:11:15,1-10-2018  10:11:15,27.04,27.07,27.0,26.93 x 1100,26.93 x 1400,16947573
1-10-2018  10:11:31,1-10-2018  10:11:31,27.02,27.07,27.0,26.93 x 1100,26.93 x 1400,16947573
1-10-2018  10:11:47,1-10-2018  10:11:47,27.06,27.07,27.0,26.85 x 1100,26.93 x 1400,16947573
1-10-2018  10:12:3,1-10-2018  10:12:3,27.05,27.07,27.0,26.85 x 1100,26.93 x 900,16947573
1-10-2018  10:12:19,1-10-2018  10:12:19,27.04,27.07,27.0,26.85 x 1100,26.84 x 900,16947573
1-10-2018  10:12:35,1-10-2018  10:12:35,27.0201,27.07,27.0,26.7900 x 1100,26.8400 x 900,16947573
1-10-2018  10:12:51,1-10-2018  10:12:51,27.04,27.07,27.0,26.79 x 1100,26.84 x 900,16947573
1-10-2018  10:13:7,1-10-2018  10:13:7,27.04,27.07,27.0,26.79 x 1100,26.87 x 800,16947573
1-10-2018  10:13:23,1-10-2018  10:13:23,26.98,27.07,27.0,26.790 x 1100,26.870 x 800,16947573
1-10-2018  10:13:39,1-10-2018  10:13:39,27.0,27.07,27.0,26.8800 x 1100,26.8700 x 800,16947573
1-10-2018  10:13:55,1-10-2018  10:13:55,26.97,27.07,27.0,26.88 x 1100,26.87 x 800,16947573
1-10-2018  10:14:11,1-10-2018  10:14:11,26.965,27.07,27.0,26.880 x 1100,26.870 x 800,16947573
1-10-2018  10:14:27,1-10-2018  10:14:27,26.98,27.07,27.0,26.93 x 1100,26.94 x 800,16947573
1-10-2018  10:14:43,1-10-2018  10:14:43,26.965,27.07,27.0,26.930 x 1100,26.940 x 800,16947573
1-10-2018  10:14:59,1-10-2018  10:14:59,26.99,27.07,27.0,26.93 x 1100,26.87 x 800,16947573
1-10-2018  10:15:15,1-10-2018  10:15:15,26.93,27.07,27.0,26.81 x 1100,26.87 x 800,16947573
1-10-2018  10:15:31,1-10-2018  10:15:31,26.94,27.07,27.0,26.81 x 1100,26.82 x 800,16947573
1-10-2018  10:15:47,1-10-2018  10:15:47,26.9599,27.07,27.0,26.8100 x 1100,26.8700 x 800,16947573
1-10-2018  10:16:3,1-10-2018  10:16:3,26.945,27.07,27.0,26.820 x 1100,26.820 x 800,16947573
1-10-2018  10:16:19,1-10-2018  10:16:19,26.93,27.07,27.0,26.820 x 1100,26.820 x 800,16947573
1-10-2018  10:16:35,1-10-2018  10:16:35,26.95,27.07,27.0,26.82 x 1100,26.89 x 800,16947573
1-10-2018  10:16:52,1-10-2018  10:16:52,26.93,27.07,27.0,26.90 x 1100,26.89 x 800,16947573
1-10-2018  10:17:8,1-10-2018  10:17:8,26.91,27.07,27.0,26.9000 x 1100,26.8900 x 800,16947573
1-10-2018  10:17:24,1-10-2018  10:17:24,26.9,27.07,27.0,26.90 x 1100,26.89 x 800,16947573
1-10-2018  10:17:40,1-10-2018  10:17:40,26.91,27.07,27.0,26.94 x 1100,26.97 x 800,16947573
1-10-2018  10:17:56,1-10-2018  10:17:56,26.91,27.07,27.0,26.94 x 1100,26.97 x 800,16947573
1-10-2018  10:18:12,1-10-2018  10:18:12,26.905,27.07,27.0,26.940 x 1100,26.970 x 800,16947573
1-10-2018  10:18:28,1-10-2018  10:18:28,26.91,27.07,27.0,27.00 x 800,27.01 x 800,16947573
1-10-2018  10:18:44,1-10-2018  10:18:44,26.92,27.07,27.0,27.00 x 800,27.01 x 800,16947573
1-10-2018  10:19:0,1-10-2018  10:19:0,26.96,27.07,27.0,27.00 x 800,27.01 x 800,16947573
1-10-2018  10:19:16,1-10-2018  10:19:16,26.93,27.07,27.0,27.00 x 800,27.06 x 800,16947573
1-10-2018  10:19:32,1-10-2018  10:19:32,26.93,27.07,27.0,27.01 x 800,27.06 x 800,16947573
1-10-2018  10:19:48,1-10-2018  10:19:48,26.95,27.07,27.0,27.0100 x 800,27.0600 x 800,16947573
1-10-2018  10:20:4,1-10-2018  10:20:4,26.95,27.07,27.0,27.05 x 800,27.07 x 800,16947573
1-10-2018  10:20:21,1-10-2018  10:20:21,26.99,27.07,27.0,27.05 x 800,27.07 x 800,16947573
1-10-2018  10:20:36,1-10-2018  10:20:36,27.05,27.07,27.0,27.05 x 800,27.07 x 800,16947573
1-10-2018  10:20:52,1-10-2018  10:20:52,27.03,27.07,27.0,27.05 x 800,27.07 x 800,16947573
1-10-2018  10:21:8,1-10-2018  10:21:8,27.03,27.07,27.0,27.00 x 1400,27.04 x 800,16947573
1-10-2018  10:21:24,1-10-2018  10:21:24,27.05,27.07,27.0,27.00 x 1400,27.02 x 3200,16947573
1-10-2018  10:21:40,1-10-2018  10:21:40,27.055,27.07,27.0,27.000 x 1400,27.020 x 3200,16947573
1-10-2018  10:21:56,1-10-2018  10:21:56,27.03,27.07,27.0,26.99 x 800,27.02 x 3200,16947573
1-10-2018  10:22:12,1-10-2018  10:22:12,27.015,27.07,27.0,26.99 x 800,27.02 x 3200,16947573
1-10-2018  10:22:29,1-10-2018  10:22:29,27.03,27.07,27.0,26.99 x 800,27.02 x 3200,16947573
1-10-2018  10:22:45,1-10-2018  10:22:45,27.02,27.07,27.0,26.99 x 800,26.99 x 3200,16947573
1-10-2018  10:23:1,1-10-2018  10:23:1,27.02,27.07,27.0,26.99 x 800,26.99 x 3200,16947573
1-10-2018  10:23:17,1-10-2018  10:23:17,27.02,27.07,27.0,26.98 x 1800,26.99 x 3200,16947573
1-10-2018  10:23:33,1-10-2018  10:23:33,27.02,27.07,27.0,26.98 x 1800,27.02 x 3200,16947573
1-10-2018  10:23:49,1-10-2018  10:23:49,27.0499,27.07,27.0,26.9800 x 1800,27.0200 x 3200,16947573
1-10-2018  10:24:5,1-10-2018  10:24:5,27.05,27.07,27.0,26.98 x 1800,27.02 x 3200,16947573
1-10-2018  10:24:21,1-10-2018  10:24:21,27.0269,27.07,27.0,26.9900 x 1800,27.0200 x 1100,16947573
1-10-2018  10:24:37,1-10-2018  10:24:37,27.03,27.07,27.0,26.99 x 1800,27.02 x 800,16947573
1-10-2018  10:24:53,1-10-2018  10:24:53,27.03,27.07,27.0,26.99 x 1800,27.02 x 800,16947573
1-10-2018  10:25:9,1-10-2018  10:25:9,27.05,27.07,27.0,26.97 x 1800,27.02 x 800,16947573
1-10-2018  10:25:25,1-10-2018  10:25:25,27.03,27.07,27.0,26.97 x 1800,27.03 x 800,16947573
1-10-2018  10:25:41,1-10-2018  10:25:41,27.03,27.07,27.0,26.970 x 1800,27.030 x 800,16947573
1-10-2018  10:25:57,1-10-2018  10:25:57,27.05,27.07,27.0,27.0200 x 1800,27.0300 x 800,16947573
1-10-2018  10:26:13,1-10-2018  10:26:13,27.03,27.07,27.0,27.02 x 1800,27.05 x 800,16947573
1-10-2018  10:26:29,1-10-2018  10:26:29,27.04,27.07,27.0,27.02 x 1800,27.05 x 800,16947573
1-10-2018  10:26:45,1-10-2018  10:26:45,27.05,27.07,27.0,27.03 x 1800,27.05 x 800,16947573
1-10-2018  10:27:1,1-10-2018  10:27:1,27.05,27.07,27.0,27.03 x 1800,27.05 x 800,16947573
1-10-2018  10:27:17,1-10-2018  10:27:17,27.05,27.07,27.0,27.03 x 1800,27.05 x 800,16947573
1-10-2018  10:27:33,1-10-2018  10:27:33,27.0406,27.07,27.0,27.0200 x 1800,27.0600 x 800,16947573
1-10-2018  10:27:49,1-10-2018  10:27:49,27.03,27.07,27.0,27.02 x 1800,27.06 x 800,16947573
1-10-2018  10:28:5,1-10-2018  10:28:5,27.03,27.07,27.0,27.020 x 1800,27.060 x 800,16947573
1-10-2018  10:28:21,1-10-2018  10:28:21,27.045,27.07,27.0,27.010 x 1800,27.030 x 1100,16947573
1-10-2018  10:28:37,1-10-2018  10:28:37,27.04,27.07,27.0,27.01 x 1800,27.03 x 1100,16947573
1-10-2018  10:28:53,1-10-2018  10:28:53,27.049,27.07,27.0,27.010 x 1800,27.030 x 1100,16947573
1-10-2018  10:29:9,1-10-2018  10:29:9,27.04,27.07,27.0,26.96 x 1800,26.99 x 1100,16947573
1-10-2018  10:29:25,1-10-2018  10:29:25,27.029,27.07,27.0,26.960 x 1800,26.990 x 1100,16947573
1-10-2018  10:29:41,1-10-2018  10:29:41,27.04,27.07,27.0,26.96 x 1800,26.99 x 1100,16947573
1-10-2018  10:29:58,1-10-2018  10:29:58,27.03,27.07,27.0,26.94 x 1000,26.97 x 1100,16947573
1-10-2018  10:30:14,1-10-2018  10:30:14,27.02,27.07,27.0,26.94 x 1000,26.97 x 1100,16947573
1-10-2018  10:30:30,1-10-2018  10:30:30,27.02,27.07,27.0,26.94 x 1000,26.97 x 1100,16947573
1-10-2018  10:30:46,1-10-2018  10:30:46,27.0,27.07,27.0,26.94 x 1000,26.97 x 1100,16947573
1-10-2018  10:31:2,1-10-2018  10:31:2,27.02,27.07,27.0,26.94 x 1000,26.97 x 1100,16947573
1-10-2018  10:31:18,1-10-2018  10:31:18,27.02,27.07,27.0,26.93 x 1000,26.95 x 1100,16947573
1-10-2018  10:31:34,1-10-2018  10:31:34,27.04,27.07,27.0,26.930 x 1000,26.970 x 1100,16947573
1-10-2018  10:31:50,1-10-2018  10:31:50,27.02,27.07,27.0,26.93 x 1000,26.97 x 1100,16947573
1-10-2018  10:32:7,1-10-2018  10:32:7,26.9905,27.07,27.0,26.9200 x 1000,26.9700 x 1100,16947573
1-10-2018  10:32:23,1-10-2018  10:32:23,26.9505,27.07,27.0,26.9200 x 1000,26.9700 x 1100,16947573
1-10-2018  10:32:39,1-10-2018  10:32:39,26.92,27.07,27.0,26.92 x 1000,26.94 x 1100,16947573
1-10-2018  10:32:55,1-10-2018  10:32:55,26.94,27.07,27.0,26.90 x 1800,26.94 x 1100,16947573
1-10-2018  10:33:11,1-10-2018  10:33:11,26.9225,27.07,27.0,26.9000 x 1800,26.9400 x 1100,16947573
1-10-2018  10:33:27,1-10-2018  10:33:27,26.92,27.07,27.0,26.90 x 1800,26.92 x 800,16947573
1-10-2018  10:33:43,1-10-2018  10:33:43,26.92,27.07,27.0,26.90 x 1800,26.92 x 800,16947573
1-10-2018  10:34:0,1-10-2018  10:34:0,26.91,27.07,27.0,26.9200 x 1800,26.9200 x 800,16947573
1-10-2018  10:34:16,1-10-2018  10:34:16,26.92,27.07,27.0,26.92 x 1800,26.92 x 800,16947573
1-10-2018  10:34:32,1-10-2018  10:34:32,26.9,27.07,27.0,26.9200 x 1800,26.9200 x 800,16947573
1-10-2018  10:34:48,1-10-2018  10:34:48,26.91,27.07,27.0,26.92 x 1800,26.92 x 800,16947573
1-10-2018  10:35:4,1-10-2018  10:35:4,26.91,27.07,27.0,26.92 x 1000,26.93 x 800,16947573
1-10-2018  10:35:21,1-10-2018  10:35:21,26.9,27.07,27.0,26.92 x 1000,26.93 x 800,16947573
1-10-2018  10:35:37,1-10-2018  10:35:37,26.89,27.07,27.0,26.92 x 1000,26.99 x 800,16947573
1-10-2018  10:35:53,1-10-2018  10:35:53,26.86,27.07,27.0,27.02 x 1000,26.99 x 800,16947573
1-10-2018  10:36:9,1-10-2018  10:36:9,26.855,27.07,27.0,27.0200 x 1000,26.9900 x 800,16947573
1-10-2018  10:36:26,1-10-2018  10:36:26,26.85,27.07,27.0,27.02 x 1000,27.06 x 800,16947573
1-10-2018  10:36:41,1-10-2018  10:36:41,26.8,27.07,27.0,27.06 x 1000,27.06 x 800,16947573
1-10-2018  10:36:57,1-10-2018  10:36:57,26.82,27.07,27.0,27.0600 x 1000,27.0600 x 800,16947573
1-10-2018  10:37:14,1-10-2018  10:37:14,26.81,27.07,27.0,27.00 x 1000,27.05 x 800,16947573
1-10-2018  10:37:30,1-10-2018  10:37:30,26.81,27.07,27.0,27.00 x 1000,27.05 x 800,16947573
1-10-2018  10:37:46,1-10-2018  10:37:46,26.81,27.07,27.0,27.00 x 1000,27.05 x 800,16947573
1-10-2018  10:38:2,1-10-2018  10:38:2,26.781,27.07,27.0,27.00 x 1000,27.01 x 800,16947573
1-10-2018  10:38:18,1-10-2018  10:38:18,26.78,27.07,27.0,27.00 x 1000,27.01 x 800,16947573
1-10-2018  10:38:34,1-10-2018  10:38:34,26.77,27.07,27.0,27.00 x 1000,27.01 x 800,16947573
1-10-2018  10:38:50,1-10-2018  10:38:50,26.76,27.07,27.0,27.00 x 1000,27.01 x 800,16947573
1-10-2018  10:39:6,1-10-2018  10:39:6,26.7799,27.07,27.0,27.0100 x 1000,27.0500 x 800,16947573
1-10-2018  10:39:23,1-10-2018  10:39:23,26.75,27.07,27.0,27.010 x 1000,27.050 x 800,16947573
1-10-2018  10:39:39,1-10-2018  10:39:39,26.74,27.07,27.0,27.0200 x 1000,27.0400 x 1800,16947573
1-10-2018  10:39:55,1-10-2018  10:39:55,26.7399,27.07,27.0,27.0200 x 1000,27.0400 x 1800,16947573
1-10-2018  10:40:11,1-10-2018  10:40:11,26.7399,27.07,27.0,27.0200 x 1000,27.0400 x 1800,16947573
1-10-2018  10:40:27,1-10-2018  10:40:27,26.74,27.07,27.0,27.02 x 1000,27.04 x 1800,16947573
1-10-2018  10:40:43,1-10-2018  10:40:43,26.749,27.07,27.0,27.020 x 1000,27.040 x 1800,16947573
1-10-2018  10:40:59,1-10-2018  10:40:59,26.74,27.07,27.0,27.02 x 1000,27.04 x 1800,16947573
1-10-2018  10:41:16,1-10-2018  10:41:16,26.75,27.07,27.0,27.0200 x 1000,27.0400 x 1800,16947573
1-10-2018  10:41:32,1-10-2018  10:41:32,26.7365,27.07,27.0,27.0200 x 1000,27.0400 x 1800,16947573
1-10-2018  10:41:48,1-10-2018  10:41:48,26.74,27.07,27.0,27.02 x 1000,27.04 x 1800,16947573
1-10-2018  10:42:4,1-10-2018  10:42:4,26.73,27.07,27.0,27.03 x 1000,27.05 x 1800,16947573
1-10-2018  10:42:20,1-10-2018  10:42:20,26.74,27.07,27.0,27.03 x 1000,27.05 x 1800,16947573
1-10-2018  10:42:36,1-10-2018  10:42:36,26.74,27.07,27.0,27.0300 x 1000,27.0500 x 1800,16947573
1-10-2018  10:42:52,1-10-2018  10:42:52,26.7301,27.07,27.0,27.0300 x 1000,27.0500 x 1800,16947573
1-10-2018  10:43:8,1-10-2018  10:43:8,26.72,27.07,27.0,27.03 x 1000,27.04 x 1800,16947573
1-10-2018  10:43:24,1-10-2018  10:43:24,26.74,27.07,27.0,27.0300 x 1000,27.0400 x 1800,16947573
1-10-2018  10:43:40,1-10-2018  10:43:40,26.73,27.07,27.0,27.03 x 1000,27.04 x 1800,16947573
1-10-2018  10:43:57,1-10-2018  10:43:57,26.72,27.07,27.0,27.0300 x 1000,27.0400 x 1800,16947573
1-10-2018  10:44:13,1-10-2018  10:44:13,26.72,27.07,27.0,27.05 x 1400,27.05 x 1800,16947573
1-10-2018  10:44:28,1-10-2018  10:44:28,26.72,27.07,27.0,27.05 x 1400,27.05 x 1800,16947573
1-10-2018  10:44:45,1-10-2018  10:44:45,26.727,27.07,27.0,27.050 x 1400,27.050 x 1800,16947573
1-10-2018  10:45:1,1-10-2018  10:45:1,26.73,27.07,27.0,27.02 x 1400,27.05 x 1800,16947573
1-10-2018  10:45:17,1-10-2018  10:45:17,26.73,27.07,27.0,27.02 x 1400,27.05 x 1800,16947573
1-10-2018  10:45:33,1-10-2018  10:45:33,26.75,27.07,27.0,27.02 x 1400,27.02 x 1800,16947573
1-10-2018  10:45:49,1-10-2018  10:45:49,26.73,27.07,27.0,27.02 x 1400,27.02 x 1800,16947573
1-10-2018  10:46:5,1-10-2018  10:46:5,26.75,27.07,27.0,27.02 x 1400,27.02 x 1800,16947573
1-10-2018  10:46:21,1-10-2018  10:46:21,26.76,27.07,27.0,27.02 x 1400,27.02 x 1800,16947573
1-10-2018  10:46:37,1-10-2018  10:46:37,26.8092,27.07,27.0,27.0200 x 1400,27.0400 x 1800,16947573
1-10-2018  10:46:54,1-10-2018  10:46:54,26.8,27.07,27.0,27.02 x 1400,27.04 x 1800,16947573
1-10-2018  10:47:10,1-10-2018  10:47:10,26.8,27.07,27.0,27.0300 x 1400,27.0400 x 1800,16947573
1-10-2018  10:47:26,1-10-2018  10:47:26,26.78,27.07,27.0,27.03 x 1400,27.00 x 1300,16947573
1-10-2018  10:47:42,1-10-2018  10:47:42,26.7899,27.07,27.0,27.0300 x 1400,27.0000 x 1300,16947573
1-10-2018  10:47:59,1-10-2018  10:47:59,26.78,27.07,27.0,26.92 x 1400,27.00 x 1300,16947573
1-10-2018  10:48:15,1-10-2018  10:48:15,26.8099,27.07,27.0,26.92 x 1400,26.95 x 1300,16947573
1-10-2018  10:48:31,1-10-2018  10:48:31,26.8072,27.07,27.0,26.9200 x 1400,26.9500 x 1300,16947573
1-10-2018  10:48:47,1-10-2018  10:48:47,26.8116,27.07,27.0,26.9200 x 1400,26.9500 x 1300,16947573
1-10-2018  10:49:3,1-10-2018  10:49:3,26.83,27.07,27.0,26.900 x 1400,26.930 x 1300,16947573
1-10-2018  10:49:19,1-10-2018  10:49:19,26.829,27.07,27.0,26.9000 x 1400,26.9300 x 1300,16947573
1-10-2018  10:49:35,1-10-2018  10:49:35,26.865,27.07,27.0,26.900 x 1400,26.930 x 1300,16947573
1-10-2018  10:49:52,1-10-2018  10:49:52,26.88,27.07,27.0,26.900 x 1400,26.930 x 1300,16947573
1-10-2018  10:50:8,1-10-2018  10:50:8,26.88,27.07,27.0,26.90 x 1400,26.93 x 1300,16947573
1-10-2018  10:50:24,1-10-2018  10:50:24,26.86,27.07,27.0,26.91 x 1400,26.91 x 1300,16947573
1-10-2018  10:50:40,1-10-2018  10:50:40,26.88,27.07,27.0,26.91 x 1400,26.91 x 1300,16947573
1-10-2018  10:50:56,1-10-2018  10:50:56,26.88,27.07,27.0,26.86 x 1400,26.87 x 1100,16947573
1-10-2018  10:51:12,1-10-2018  10:51:12,26.9,27.07,27.0,26.86 x 1400,26.87 x 1100,16947573
1-10-2018  10:51:28,1-10-2018  10:51:28,26.88,27.07,27.0,26.86 x 1400,26.87 x 1100,16947573
1-10-2018  10:51:44,1-10-2018  10:51:44,26.87,27.07,27.0,26.8600 x 1400,26.8700 x 1100,16947573
1-10-2018  10:52:0,1-10-2018  10:52:0,26.88,27.07,27.0,26.83 x 1400,26.83 x 1100,16947573
1-10-2018  10:52:16,1-10-2018  10:52:16,26.875,27.07,27.0,26.830 x 1400,26.830 x 1100,16947573
1-10-2018  10:52:32,1-10-2018  10:52:32,26.87,27.07,27.0,26.82 x 1800,26.82 x 1100,16947573
1-10-2018  10:52:48,1-10-2018  10:52:48,26.865,27.07,27.0,26.820 x 1800,26.820 x 1100,16947573
1-10-2018  10:53:4,1-10-2018  10:53:4,26.89,27.07,27.0,26.82 x 1800,26.82 x 1100,16947573
1-10-2018  10:53:21,1-10-2018  10:53:21,26.87,27.07,27.0,26.77 x 1800,26.79 x 1100,16947573
1-10-2018  10:53:36,1-10-2018  10:53:36,26.88,27.07,27.0,26.77 x 1800,26.79 x 1100,16947573
1-10-2018  10:53:53,1-10-2018  10:53:53,26.87,27.07,27.0,26.77 x 1800,26.79 x 1100,16947573
1-10-2018  10:54:9,1-10-2018  10:54:9,26.8688,27.07,27.0,26.7700 x 1800,26.7900 x 1100,16947573
1-10-2018  10:54:25,1-10-2018  10:54:25,26.875,27.07,27.0,26.7500 x 1000,26.7700 x 1400,16947573
1-10-2018  10:54:41,1-10-2018  10:54:41,26.881,27.07,27.0,26.750 x 1000,26.770 x 1400,16947573
1-10-2018  10:54:57,1-10-2018  10:54:57,26.9,27.07,27.0,26.7500 x 1000,26.7700 x 1400,16947573
1-10-2018  10:55:13,1-10-2018  10:55:13,26.898000000000003,27.07,27.0,26.750 x 1000,26.770 x 1400,16947573
1-10-2018  10:55:30,1-10-2018  10:55:30,26.93,27.07,27.0,26.74 x 1300,26.75 x 1400,16947573
1-10-2018  10:55:46,1-10-2018  10:55:46,26.94,27.07,27.0,26.74 x 1300,26.75 x 1400,16947573
1-10-2018  10:56:2,1-10-2018  10:56:2,26.9,27.07,27.0,26.74 x 1300,26.75 x 1400,16947573
1-10-2018  10:56:19,1-10-2018  10:56:19,26.9183,27.07,27.0,26.75 x 1100,26.76 x 1400,16947573
1-10-2018  10:56:35,1-10-2018  10:56:35,26.92,27.07,27.0,26.75 x 1100,26.76 x 1400,16947573
1-10-2018  10:56:51,1-10-2018  10:56:51,26.9,27.07,27.0,26.75 x 1100,26.76 x 1400,16947573
1-10-2018  10:57:7,1-10-2018  10:57:7,26.9058,27.07,27.0,26.7500 x 1100,26.7600 x 1400,16947573
1-10-2018  10:57:23,1-10-2018  10:57:23,26.92,27.07,27.0,26.72 x 1100,26.74 x 1100,16947573
1-10-2018  10:57:39,1-10-2018  10:57:39,26.98,27.07,27.0,26.72 x 1100,26.74 x 1100,16947573
1-10-2018  10:57:55,1-10-2018  10:57:55,26.97,27.07,27.0,26.720 x 1100,26.740 x 1800,16947573
1-10-2018  10:58:11,1-10-2018  10:58:11,26.9771,27.07,27.0,26.7200 x 1100,26.7400 x 1800,16947573
1-10-2018  10:58:27,1-10-2018  10:58:27,27.03,27.07,27.0,26.72 x 1100,26.74 x 1800,16947573
1-10-2018  10:58:43,1-10-2018  10:58:43,27.0181,27.07,27.0,26.7200 x 1100,26.7400 x 1800,16947573
1-10-2018  10:58:59,1-10-2018  10:58:59,27.03,27.07,27.0,26.72 x 1100,26.74 x 1800,16947573
1-10-2018  10:59:15,1-10-2018  10:59:15,27.01,27.07,27.0,26.72 x 800,26.74 x 800,16947573
1-10-2018  10:59:32,1-10-2018  10:59:32,27.0,27.07,27.0,26.72 x 800,26.74 x 800,16947573
1-10-2018  10:59:48,1-10-2018  10:59:48,26.985,27.07,27.0,26.720 x 800,26.740 x 1300,16947573
1-10-2018  11:0:4,1-10-2018  11:0:4,26.995,27.07,27.0,26.730 x 900,26.740 x 800,16947573
1-10-2018  11:0:20,1-10-2018  11:0:20,27.005,27.07,27.0,26.730 x 900,26.740 x 800,16947573
1-10-2018  11:0:36,1-10-2018  11:0:36,27.005,27.07,27.0,26.730 x 900,26.740 x 800,16947573
1-10-2018  11:0:52,1-10-2018  11:0:52,26.9925,27.07,27.0,26.7300 x 900,26.7400 x 800,16947573
1-10-2018  11:1:8,1-10-2018  11:1:8,27.01,27.07,27.0,26.74 x 900,26.75 x 800,16947573
1-10-2018  11:1:24,1-10-2018  11:1:24,27.01,27.07,27.0,26.74 x 900,26.75 x 800,16947573
1-10-2018  11:1:40,1-10-2018  11:1:40,27.02,27.07,27.0,26.74 x 900,26.75 x 800,16947573
1-10-2018  11:1:56,1-10-2018  11:1:56,27.01,27.07,27.0,26.74 x 900,26.75 x 800,16947573
1-10-2018  11:2:12,1-10-2018  11:2:12,27.01,27.07,27.0,26.79 x 1000,26.80 x 800,16947573
1-10-2018  11:2:28,1-10-2018  11:2:28,27.07,27.07,27.0,26.79 x 1000,26.80 x 800,16947573
1-10-2018  11:2:45,1-10-2018  11:2:45,27.0601,27.07,27.0,26.7900 x 1000,26.8000 x 800,16947573
1-10-2018  11:3:1,1-10-2018  11:3:1,27.06,27.07,27.0,26.7900 x 1000,26.8000 x 800,16947573
1-10-2018  11:3:17,1-10-2018  11:3:17,27.06,27.07,27.0,26.790 x 1000,26.800 x 800,16947573
1-10-2018  11:3:33,1-10-2018  11:3:33,27.06,27.07,27.0,26.79 x 1000,26.80 x 800,16947573
1-10-2018  11:3:50,1-10-2018  11:3:50,27.06,27.07,27.0,26.79 x 1000,26.80 x 800,16947573
1-10-2018  11:4:6,1-10-2018  11:4:6,27.0601,27.07,27.0,26.7900 x 1000,26.8000 x 800,16947573
1-10-2018  11:4:22,1-10-2018  11:4:22,27.0598,27.07,27.0,26.8100 x 1000,26.8300 x 800,16947573
1-10-2018  11:4:38,1-10-2018  11:4:38,27.048,27.07,27.0,26.8100 x 1000,26.8300 x 800,16947573
1-10-2018  11:4:55,1-10-2018  11:4:55,27.055,27.07,27.0,26.810 x 1000,26.830 x 800,16947573
1-10-2018  11:5:11,1-10-2018  11:5:11,27.05,27.07,27.0,26.86 x 1100,26.87 x 800,16947573
1-10-2018  11:5:27,1-10-2018  11:5:27,27.06,27.07,27.0,26.8600 x 1100,26.8700 x 800,16947573
1-10-2018  11:5:42,1-10-2018  11:5:42,27.06,27.07,27.0,26.86 x 1100,26.87 x 800,16947573
1-10-2018  11:5:59,1-10-2018  11:5:59,27.04,27.07,27.0,26.86 x 1100,26.87 x 800,16947573
1-10-2018  11:6:15,1-10-2018  11:6:15,27.04,27.07,27.0,26.87 x 1100,26.89 x 800,16947573
1-10-2018  11:6:31,1-10-2018  11:6:31,27.05,27.07,27.0,26.87 x 1100,26.89 x 800,16947573
1-10-2018  11:6:47,1-10-2018  11:6:47,27.05,27.07,27.0,26.87 x 1100,26.89 x 800,16947573
1-10-2018  11:7:3,1-10-2018  11:7:3,27.09,27.07,27.0,26.87 x 1100,26.89 x 800,16947573
1-10-2018  11:7:20,1-10-2018  11:7:20,27.08,27.07,27.0,26.88 x 1800,26.89 x 800,16947573
1-10-2018  11:7:36,1-10-2018  11:7:36,27.04,27.07,27.0,26.8800 x 1800,26.8900 x 800,16947573
1-10-2018  11:7:51,1-10-2018  11:7:51,27.04,27.07,27.0,26.860 x 1800,26.880 x 800,16947573
1-10-2018  11:8:8,1-10-2018  11:8:8,27.06,27.07,27.0,26.86 x 1800,26.88 x 800,16947573
1-10-2018  11:8:24,1-10-2018  11:8:24,27.07,27.07,27.0,26.86 x 1800,26.88 x 800,16947573
1-10-2018  11:8:40,1-10-2018  11:8:40,27.0552,27.07,27.0,26.8700 x 800,26.8800 x 800,16947573
1-10-2018  11:8:57,1-10-2018  11:8:57,27.05,27.07,27.0,26.87 x 800,26.88 x 800,16947573
1-10-2018  11:9:12,1-10-2018  11:9:12,27.04,27.07,27.0,26.87 x 800,26.88 x 800,16947573
1-10-2018  11:9:29,1-10-2018  11:9:29,27.09,27.07,27.0,26.870 x 800,26.880 x 800,16947573
1-10-2018  11:9:45,1-10-2018  11:9:45,27.09,27.07,27.0,26.88 x 800,26.89 x 800,16947573
1-10-2018  11:10:1,1-10-2018  11:10:1,27.08,27.07,27.0,26.88 x 800,26.89 x 800,16947573
1-10-2018  11:10:18,1-10-2018  11:10:18,27.08,27.07,27.0,26.88 x 800,26.89 x 800,16947573
1-10-2018  11:10:34,1-10-2018  11:10:34,27.0627,27.07,27.0,26.8800 x 800,26.8900 x 800,16947573
1-10-2018  11:10:50,1-10-2018  11:10:50,27.05,27.07,27.0,26.88 x 800,26.89 x 800,16947573
1-10-2018  11:11:6,1-10-2018  11:11:6,27.03,27.07,27.0,26.93 x 800,26.93 x 800,16947573
1-10-2018  11:11:22,1-10-2018  11:11:22,27.03,27.07,27.0,26.93 x 800,26.93 x 800,16947573
1-10-2018  11:11:38,1-10-2018  11:11:38,27.03,27.07,27.0,26.93 x 800,26.93 x 800,16947573
1-10-2018  11:11:54,1-10-2018  11:11:54,27.02,27.07,27.0,26.9200 x 800,26.9400 x 800,16947573
1-10-2018  11:12:10,1-10-2018  11:12:10,27.02,27.07,27.0,26.92 x 800,26.94 x 800,16947573
1-10-2018  11:12:26,1-10-2018  11:12:26,27.02,27.07,27.0,26.92 x 800,26.94 x 800,16947573
1-10-2018  11:12:43,1-10-2018  11:12:43,27.02,27.07,27.0,26.90 x 1800,26.93 x 800,16947573
1-10-2018  11:12:59,1-10-2018  11:12:59,27.02,27.07,27.0,26.90 x 1800,26.93 x 800,16947573
1-10-2018  11:13:15,1-10-2018  11:13:15,27.0124,27.07,27.0,26.9000 x 1800,26.9300 x 800,16947573
1-10-2018  11:13:31,1-10-2018  11:13:31,27.01,27.07,27.0,26.9700 x 1800,27.0000 x 800,16947573
1-10-2018  11:13:47,1-10-2018  11:13:47,27.0,27.07,27.0,26.97 x 1800,27.00 x 800,16947573
1-10-2018  11:14:3,1-10-2018  11:14:3,27.0,27.07,27.0,26.97 x 1800,27.00 x 800,16947573
1-10-2018  11:14:28,1-10-2018  11:14:28,27.0,27.07,27.0,26.99 x 1800,27.02 x 800,16947573
1-10-2018  11:14:44,1-10-2018  11:14:44,27.01,27.07,27.0,26.99 x 1800,27.02 x 800,16947573
1-10-2018  11:15:0,1-10-2018  11:15:0,27.0293,27.07,27.0,26.9900 x 1800,27.0200 x 800,16947573
1-10-2018  11:15:17,1-10-2018  11:15:17,27.0,27.07,27.0,26.99 x 1800,27.02 x 800,16947573
1-10-2018  11:15:33,1-10-2018  11:15:33,27.0,27.07,27.0,26.99 x 1800,27.02 x 800,16947573
1-10-2018  11:15:49,1-10-2018  11:15:49,27.0188,27.07,27.0,26.9900 x 1800,27.0000 x 800,16947573
1-10-2018  11:16:5,1-10-2018  11:16:5,27.02,27.07,27.0,26.99 x 1800,27.01 x 800,16947573
1-10-2018  11:16:21,1-10-2018  11:16:21,26.99,27.07,27.0,26.99 x 1800,27.01 x 800,16947573
1-10-2018  11:16:37,1-10-2018  11:16:37,26.99,27.07,27.0,26.99 x 1800,27.01 x 800,16947573
1-10-2018  11:16:54,1-10-2018  11:16:54,27.0,27.07,27.0,27.00 x 1800,27.01 x 800,16947573
1-10-2018  11:17:10,1-10-2018  11:17:10,27.0,27.07,27.0,27.00 x 1800,27.01 x 800,16947573
1-10-2018  11:17:26,1-10-2018  11:17:26,27.0,27.07,27.0,27.01 x 1800,27.03 x 800,16947573
1-10-2018  11:17:42,1-10-2018  11:17:42,27.0,27.07,27.0,27.01 x 1800,27.03 x 800,16947573
1-10-2018  11:17:58,1-10-2018  11:17:58,27.01,27.07,27.0,27.01 x 1800,27.03 x 800,16947573
1-10-2018  11:18:15,1-10-2018  11:18:15,26.99,27.07,27.0,27.05 x 1800,27.08 x 800,16947573
1-10-2018  11:18:31,1-10-2018  11:18:31,27.0,27.07,27.0,27.05 x 1800,27.08 x 800,16947573
1-10-2018  11:18:48,1-10-2018  11:18:48,27.02,27.07,27.0,27.05 x 1800,27.08 x 800,16947573
1-10-2018  11:19:4,1-10-2018  11:19:4,27.04,27.07,27.0,27.05 x 1800,27.08 x 800,16947573
1-10-2018  11:19:20,1-10-2018  11:19:20,27.06,27.07,27.0,27.05 x 1800,27.07 x 800,16947573
1-10-2018  11:19:36,1-10-2018  11:19:36,27.06,27.07,27.0,27.0400 x 1800,27.0700 x 800,16947573
1-10-2018  11:20:1,1-10-2018  11:20:1,27.05,27.07,27.0,27.040 x 1300,27.080 x 1100,16947573
1-10-2018  11:20:16,1-10-2018  11:20:16,27.07,27.07,27.0,27.06 x 1300,27.08 x 1100,16947573
1-10-2018  11:20:32,1-10-2018  11:20:32,27.06,27.07,27.0,27.06 x 1300,27.08 x 1100,16947573
1-10-2018  11:20:48,1-10-2018  11:20:48,27.07,27.07,27.0,27.06 x 1300,27.08 x 1100,16947573
1-10-2018  11:21:4,1-10-2018  11:21:4,27.07,27.07,27.0,27.06 x 1300,27.08 x 1100,16947573
1-10-2018  11:21:21,1-10-2018  11:21:21,27.07,27.07,27.0,27.06 x 1300,27.06 x 1100,16947573
1-10-2018  11:21:37,1-10-2018  11:21:37,27.05,27.07,27.0,27.06 x 1300,27.06 x 1100,16947573
1-10-2018  11:21:53,1-10-2018  11:21:53,27.05,27.07,27.0,27.04 x 1300,27.05 x 1100,16947573
1-10-2018  11:22:9,1-10-2018  11:22:9,27.0328,27.07,27.0,27.0400 x 1300,27.0500 x 1100,16947573
1-10-2018  11:22:25,1-10-2018  11:22:25,27.0211,27.07,27.0,27.0400 x 1300,27.0500 x 1100,16947573
1-10-2018  11:22:41,1-10-2018  11:22:41,27.0301,27.07,27.0,27.0400 x 1300,27.1000 x 1100,16947573
1-10-2018  11:22:57,1-10-2018  11:22:57,27.069000000000006,27.07,27.0,27.040 x 1300,27.100 x 1100,16947573
1-10-2018  11:23:13,1-10-2018  11:23:13,27.06,27.07,27.0,27.04 x 1300,27.10 x 1100,16947573
1-10-2018  11:23:29,1-10-2018  11:23:29,27.06,27.07,27.0,27.04 x 1300,27.08 x 1100,16947573
1-10-2018  11:23:45,1-10-2018  11:23:45,27.07,27.07,27.0,27.05 x 1300,27.08 x 1100,16947573
1-10-2018  11:24:2,1-10-2018  11:24:2,27.06,27.07,27.0,27.05 x 1300,27.08 x 1100,16947573
1-10-2018  11:24:18,1-10-2018  11:24:18,27.06,27.07,27.0,27.05 x 1300,27.06 x 1400,16947573
1-10-2018  11:24:34,1-10-2018  11:24:34,27.03,27.07,27.0,27.07 x 1300,27.06 x 1400,16947573
1-10-2018  11:24:51,1-10-2018  11:24:51,27.03,27.07,27.0,27.07 x 1300,27.06 x 1400,16947573
1-10-2018  11:25:7,1-10-2018  11:25:7,26.99,27.07,27.0,27.07 x 1300,27.06 x 1400,16947573
1-10-2018  11:25:23,1-10-2018  11:25:23,26.99,27.07,27.0,27.07 x 1300,27.06 x 1400,16947573
1-10-2018  11:25:39,1-10-2018  11:25:39,26.99,27.07,27.0,27.06 x 1300,27.07 x 900,16947573
1-10-2018  11:25:55,1-10-2018  11:25:55,26.99,27.07,27.0,27.06 x 1300,27.07 x 900,16947573
1-10-2018  11:26:12,1-10-2018  11:26:12,27.0068,27.07,27.0,27.0600 x 1300,27.0700 x 900,16947573
1-10-2018  11:26:27,1-10-2018  11:26:27,27.01,27.07,27.0,27.06 x 1300,27.07 x 900,16947573
1-10-2018  11:26:44,1-10-2018  11:26:44,27.005,27.07,27.0,27.040 x 1300,27.040 x 900,16947573
1-10-2018  11:27:0,1-10-2018  11:27:0,26.99,27.07,27.0,27.0400 x 1300,27.0400 x 900,16947573
1-10-2018  11:27:16,1-10-2018  11:27:16,27.01,27.07,27.0,27.04 x 1300,27.04 x 900,16947573
1-10-2018  11:27:33,1-10-2018  11:27:33,27.0,27.07,27.0,27.04 x 1300,27.04 x 900,16947573
1-10-2018  11:27:49,1-10-2018  11:27:49,27.0,27.07,27.0,27.04 x 1300,27.04 x 900,16947573
1-10-2018  11:28:5,1-10-2018  11:28:5,27.01,27.07,27.0,27.01 x 900,27.04 x 2200,16947573
1-10-2018  11:28:22,1-10-2018  11:28:22,27.01,27.07,27.0,27.01 x 900,27.04 x 2200,16947573
1-10-2018  11:28:38,1-10-2018  11:28:38,27.02,27.07,27.0,27.01 x 900,27.04 x 2200,16947573
1-10-2018  11:28:54,1-10-2018  11:28:54,27.06,27.07,27.0,27.01 x 900,27.04 x 2200,16947573
1-10-2018  11:29:10,1-10-2018  11:29:10,27.06,27.07,27.0,27.01 x 900,27.04 x 2200,16947573
1-10-2018  11:29:26,1-10-2018  11:29:26,27.02,27.07,27.0,26.99 x 800,27.01 x 2200,16947573
1-10-2018  11:29:42,1-10-2018  11:29:42,27.01,27.07,27.0,26.99 x 800,27.01 x 2200,16947573
1-10-2018  11:29:58,1-10-2018  11:29:58,27.01,27.07,27.0,26.990 x 800,27.010 x 2200,16947573
1-10-2018  11:30:14,1-10-2018  11:30:14,27.025,27.07,27.0,26.990 x 800,27.010 x 2200,16947573
1-10-2018  11:30:31,1-10-2018  11:30:31,27.0,27.07,27.0,26.99 x 800,27.01 x 2200,16947573
1-10-2018  11:30:47,1-10-2018  11:30:47,26.99,27.07,27.0,26.99 x 800,27.02 x 2200,16947573
1-10-2018  11:31:3,1-10-2018  11:31:3,26.99,27.07,27.0,26.99 x 800,27.02 x 2200,16947573
1-10-2018  11:31:19,1-10-2018  11:31:19,27.0,27.07,27.0,26.99 x 800,27.02 x 2200,16947573
1-10-2018  11:31:35,1-10-2018  11:31:35,26.99,27.07,27.0,27.00 x 800,27.02 x 2200,16947573
1-10-2018  11:31:51,1-10-2018  11:31:51,26.99,27.07,27.0,27.00 x 800,27.02 x 2200,16947573
1-10-2018  11:32:7,1-10-2018  11:32:7,27.0,27.07,27.0,27.00 x 800,27.02 x 2200,16947573
1-10-2018  11:32:24,1-10-2018  11:32:24,27.0,27.07,27.0,27.00 x 800,27.00 x 1100,16947573
1-10-2018  11:32:40,1-10-2018  11:32:40,27.0,27.07,27.0,27.00 x 800,27.00 x 1100,16947573
1-10-2018  11:32:56,1-10-2018  11:32:56,27.0173,27.07,27.0,27.0000 x 800,27.0000 x 1100,16947573
1-10-2018  11:33:12,1-10-2018  11:33:12,27.0173,27.07,27.0,27.0000 x 800,27.0000 x 1100,16947573
1-10-2018  11:33:28,1-10-2018  11:33:28,27.01,27.07,27.0,27.000 x 900,27.000 x 1100,16947573
1-10-2018  11:33:45,1-10-2018  11:33:45,27.01,27.07,27.0,27.00 x 900,27.00 x 1100,16947573
1-10-2018  11:34:2,1-10-2018  11:34:2,27.0,27.07,27.0,27.00 x 900,27.02 x 800,16947573
1-10-2018  11:34:18,1-10-2018  11:34:18,26.99,27.07,27.0,27.00 x 900,27.02 x 800,16947573
1-10-2018  11:34:34,1-10-2018  11:34:34,27.03,27.07,27.0,27.00 x 900,27.02 x 800,16947573
1-10-2018  11:34:51,1-10-2018  11:34:51,27.03,27.07,27.0,27.03 x 900,27.06 x 900,16947573
1-10-2018  11:35:7,1-10-2018  11:35:7,27.01,27.07,27.0,27.03 x 900,27.06 x 900,16947573
1-10-2018  11:35:24,1-10-2018  11:35:24,27.0,27.07,27.0,27.03 x 900,27.06 x 900,16947573
1-10-2018  11:35:40,1-10-2018  11:35:40,27.03,27.07,27.0,27.03 x 900,27.06 x 900,16947573
1-10-2018  11:35:56,1-10-2018  11:35:56,27.03,27.07,27.0,27.05 x 900,27.06 x 900,16947573
1-10-2018  11:36:12,1-10-2018  11:36:12,27.03,27.07,27.0,27.05 x 900,27.06 x 900,16947573
1-10-2018  11:36:28,1-10-2018  11:36:28,26.99,27.07,27.0,27.05 x 900,27.06 x 900,16947573
1-10-2018  11:36:44,1-10-2018  11:36:44,26.99,27.07,27.0,27.0500 x 900,27.0600 x 900,16947573
1-10-2018  11:37:0,1-10-2018  11:37:0,26.99,27.07,27.0,27.0500 x 900,27.0600 x 900,16947573
1-10-2018  11:37:16,1-10-2018  11:37:16,27.0,27.07,27.0,27.04 x 900,27.06 x 900,16947573
1-10-2018  11:37:32,1-10-2018  11:37:32,26.99,27.07,27.0,27.03 x 900,27.06 x 900,16947573
1-10-2018  11:37:49,1-10-2018  11:37:49,26.99,27.07,27.0,27.0300 x 900,27.0400 x 900,16947573
1-10-2018  11:38:5,1-10-2018  11:38:5,26.99,27.07,27.0,27.03 x 900,27.04 x 900,16947573
1-10-2018  11:38:21,1-10-2018  11:38:21,26.99,27.07,27.0,27.03 x 900,27.04 x 900,16947573
1-10-2018  11:38:37,1-10-2018  11:38:37,27.02,27.07,27.0,27.05 x 900,27.04 x 1300,16947573
1-10-2018  11:38:53,1-10-2018  11:38:53,27.04,27.07,27.0,27.05 x 900,27.08 x 1300,16947573
1-10-2018  11:39:9,1-10-2018  11:39:9,27.05,27.07,27.0,27.050 x 900,27.080 x 1300,16947573
1-10-2018  11:39:26,1-10-2018  11:39:26,27.048,27.07,27.0,27.040 x 900,27.080 x 1300,16947573
1-10-2018  11:39:42,1-10-2018  11:39:42,27.05,27.07,27.0,27.04 x 900,27.05 x 1300,16947573
1-10-2018  11:39:58,1-10-2018  11:39:58,27.05,27.07,27.0,27.04 x 900,27.08 x 1300,16947573
1-10-2018  11:40:14,1-10-2018  11:40:14,27.02,27.07,27.0,27.02 x 800,27.05 x 1300,16947573
1-10-2018  11:40:31,1-10-2018  11:40:31,27.02,27.07,27.0,27.02 x 800,27.05 x 1300,16947573
1-10-2018  11:40:47,1-10-2018  11:40:47,27.03,27.07,27.0,27.02 x 800,27.00 x 1300,16947573
1-10-2018  11:41:3,1-10-2018  11:41:3,27.02,27.07,27.0,27.02 x 800,27.00 x 1300,16947573
1-10-2018  11:41:19,1-10-2018  11:41:19,27.02,27.07,27.0,27.00 x 800,27.00 x 1300,16947573
1-10-2018  11:41:35,1-10-2018  11:41:35,27.0,27.07,27.0,27.00 x 800,27.00 x 1300,16947573
1-10-2018  11:41:52,1-10-2018  11:41:52,27.0,27.07,27.0,27.00 x 800,27.00 x 1300,16947573
1-10-2018  11:42:8,1-10-2018  11:42:8,27.0,27.07,27.0,27.00 x 800,27.00 x 1300,16947573
1-10-2018  11:42:24,1-10-2018  11:42:24,26.99,27.07,27.0,27.00 x 800,27.00 x 1300,16947573
1-10-2018  11:42:40,1-10-2018  11:42:40,26.99,27.07,27.0,27.00 x 800,27.00 x 1300,16947573
1-10-2018  11:42:57,1-10-2018  11:42:57,26.99,27.07,27.0,27.01 x 900,27.02 x 1800,16947573
1-10-2018  11:43:13,1-10-2018  11:43:13,26.99,27.07,27.0,27.01 x 900,27.02 x 1800,16947573
1-10-2018  11:43:29,1-10-2018  11:43:29,26.99,27.07,27.0,27.01 x 900,27.02 x 1800,16947573
1-10-2018  11:43:45,1-10-2018  11:43:45,27.0069,27.07,27.0,27.0100 x 900,27.0400 x 1800,16947573
1-10-2018  11:44:1,1-10-2018  11:44:1,27.01,27.07,27.0,27.01 x 900,27.04 x 1800,16947573
1-10-2018  11:44:17,1-10-2018  11:44:17,27.025,27.07,27.0,27.020 x 900,27.040 x 1800,16947573
1-10-2018  11:44:33,1-10-2018  11:44:33,27.01,27.07,27.0,27.02 x 900,27.04 x 1800,16947573
1-10-2018  11:44:49,1-10-2018  11:44:49,27.0,27.07,27.0,27.02 x 900,27.04 x 1800,16947573
1-10-2018  11:45:5,1-10-2018  11:45:5,27.0,27.07,27.0,27.02 x 800,27.04 x 1800,16947573
1-10-2018  11:45:22,1-10-2018  11:45:22,27.0,27.07,27.0,27.01 x 800,27.04 x 800,16947573
1-10-2018  11:45:38,1-10-2018  11:45:38,27.0,27.07,27.0,27.01 x 800,27.04 x 800,16947573
1-10-2018  11:45:54,1-10-2018  11:45:54,27.02,27.07,27.0,27.00 x 1400,27.03 x 800,16947573
1-10-2018  11:46:10,1-10-2018  11:46:10,27.0,27.07,27.0,27.00 x 1400,27.03 x 800,16947573
1-10-2018  11:46:26,1-10-2018  11:46:26,27.001,27.07,27.0,27.000 x 1400,27.010 x 800,16947573
1-10-2018  11:46:42,1-10-2018  11:46:42,27.0,27.07,27.0,27.00 x 1400,27.01 x 800,16947573
1-10-2018  11:46:59,1-10-2018  11:46:59,27.0169,27.07,27.0,27.0000 x 1400,27.0100 x 800,16947573
1-10-2018  11:47:15,1-10-2018  11:47:15,27.01,27.07,27.0,27.00 x 1100,27.00 x 800,16947573
1-10-2018  11:47:31,1-10-2018  11:47:31,27.02,27.07,27.0,27.00 x 1100,27.00 x 800,16947573
1-10-2018  11:47:47,1-10-2018  11:47:47,27.03,27.07,27.0,27.0000 x 1100,27.0000 x 800,16947573
1-10-2018  11:48:3,1-10-2018  11:48:3,27.04,27.07,27.0,27.00 x 1100,27.00 x 800,16947573
1-10-2018  11:48:20,1-10-2018  11:48:20,27.04,27.07,27.0,27.00 x 1100,27.00 x 800,16947573
1-10-2018  11:48:36,1-10-2018  11:48:36,27.06,27.07,27.0,27.00 x 1100,27.00 x 800,16947573
1-10-2018  11:48:52,1-10-2018  11:48:52,27.08,27.07,27.0,27.00 x 1100,27.03 x 800,16947573
1-10-2018  11:49:9,1-10-2018  11:49:9,27.05,27.07,27.0,27.00 x 1100,27.03 x 800,16947573
1-10-2018  11:49:25,1-10-2018  11:49:25,27.0666,27.07,27.0,27.0000 x 1100,27.0300 x 800,16947573
1-10-2018  11:49:41,1-10-2018  11:49:41,27.06,27.07,27.0,27.00 x 1100,27.03 x 800,16947573
1-10-2018  11:49:57,1-10-2018  11:49:57,27.051,27.07,27.0,27.000 x 1100,27.030 x 800,16947573
1-10-2018  11:50:13,1-10-2018  11:50:13,27.0538,27.07,27.0,27.0000 x 1100,27.0300 x 800,16947573
1-10-2018  11:50:29,1-10-2018  11:50:29,27.08,27.07,27.0,27.00 x 1100,27.03 x 800,16947573
1-10-2018  11:50:45,1-10-2018  11:50:45,27.06,27.07,27.0,26.99 x 1100,27.02 x 800,16947573
1-10-2018  11:51:1,1-10-2018  11:51:1,27.06,27.07,27.0,26.99 x 1100,27.02 x 800,16947573
1-10-2018  11:51:18,1-10-2018  11:51:18,27.06,27.07,27.0,26.99 x 1100,27.02 x 800,16947573
1-10-2018  11:51:34,1-10-2018  11:51:34,27.0369,27.07,27.0,26.9900 x 1100,27.0200 x 800,16947573
1-10-2018  11:51:51,1-10-2018  11:51:51,27.03,27.07,27.0,26.99 x 1100,27.02 x 800,16947573
1-10-2018  11:52:7,1-10-2018  11:52:7,27.03,27.07,27.0,26.99 x 1100,27.02 x 800,16947573
1-10-2018  11:52:23,1-10-2018  11:52:23,27.03,27.07,27.0,27.00 x 1100,27.02 x 900,16947573
1-10-2018  11:52:39,1-10-2018  11:52:39,27.01,27.07,27.0,27.00 x 1100,27.02 x 900,16947573
1-10-2018  11:52:55,1-10-2018  11:52:55,26.98,27.07,27.0,27.00 x 1100,27.02 x 900,16947573
1-10-2018  11:53:11,1-10-2018  11:53:11,26.97,27.07,27.0,27.00 x 1100,27.02 x 900,16947573
1-10-2018  11:53:28,1-10-2018  11:53:28,26.9501,27.07,27.0,27.0000 x 1100,27.0200 x 900,16947573
1-10-2018  11:53:44,1-10-2018  11:53:44,26.9162,27.07,27.0,27.0000 x 1100,27.0000 x 900,16947573
1-10-2018  11:54:0,1-10-2018  11:54:0,26.8958,27.07,27.0,27.00 x 1100,27.00 x 900,16947573
1-10-2018  11:54:17,1-10-2018  11:54:17,26.91,27.07,27.0,27.00 x 1100,27.00 x 900,16947573
1-10-2018  11:54:33,1-10-2018  11:54:33,26.89,27.07,27.0,27.00 x 1100,27.00 x 900,16947573
1-10-2018  11:54:49,1-10-2018  11:54:49,26.85,27.07,27.0,27.00 x 1100,27.00 x 900,16947573
1-10-2018  11:55:5,1-10-2018  11:55:5,26.84,27.07,27.0,27.00 x 1100,27.00 x 900,16947573
1-10-2018  11:55:21,1-10-2018  11:55:21,26.84,27.07,27.0,27.00 x 1100,27.00 x 900,16947573
1-10-2018  11:55:37,1-10-2018  11:55:37,26.8556,27.07,27.0,27.0200 x 1100,27.0500 x 900,16947573
1-10-2018  11:55:54,1-10-2018  11:55:54,26.84,27.07,27.0,27.02 x 1100,27.05 x 900,16947573
1-10-2018  11:56:10,1-10-2018  11:56:10,26.848000000000006,27.07,27.0,27.020 x 1100,27.050 x 900,16947573
1-10-2018  11:56:26,1-10-2018  11:56:26,26.855,27.07,27.0,27.020 x 1100,27.050 x 900,16947573
1-10-2018  11:56:42,1-10-2018  11:56:42,26.84,27.07,27.0,27.01 x 1100,27.02 x 900,16947573
1-10-2018  11:56:58,1-10-2018  11:56:58,26.83,27.07,27.0,27.01 x 1100,27.02 x 900,16947573
1-10-2018  11:57:14,1-10-2018  11:57:14,26.8424,27.07,27.0,27.0100 x 900,27.0200 x 900,16947573
1-10-2018  11:57:30,1-10-2018  11:57:30,26.8177,27.07,27.0,27.0100 x 900,27.0200 x 900,16947573
1-10-2018  11:58:0,1-10-2018  11:58:0,26.82,27.07,27.0,27.01 x 900,27.02 x 900,16947573
1-10-2018  11:58:16,1-10-2018  11:58:16,26.8,27.07,27.0,27.01 x 900,27.02 x 900,16947573
1-10-2018  11:58:32,1-10-2018  11:58:32,26.81,27.07,27.0,27.01 x 900,27.02 x 900,16947573
1-10-2018  11:58:48,1-10-2018  11:58:48,26.8,27.07,27.0,27.00 x 1200,27.03 x 4000,16947573
1-10-2018  11:59:5,1-10-2018  11:59:5,26.8,27.07,27.0,27.0000 x 1200,27.0300 x 4000,16947573
1-10-2018  11:59:21,1-10-2018  11:59:21,26.8,27.07,27.0,27.00 x 1200,27.03 x 4000,16947573
1-10-2018  11:59:37,1-10-2018  11:59:37,26.805,27.07,27.0,27.000 x 1200,27.030 x 4000,16947573
1-10-2018  11:59:53,1-10-2018  11:59:53,26.805,27.07,27.0,27.0000 x 800,27.0200 x 4000,16947573
1-10-2018  12:0:9,1-10-2018  12:0:9,26.81,27.07,27.0,27.0000 x 800,27.0200 x 4000,16947573
1-10-2018  12:0:25,1-10-2018  12:0:25,26.8,27.07,27.0,27.00 x 800,27.02 x 4000,16947573
1-10-2018  12:0:41,1-10-2018  12:0:41,26.8,27.07,27.0,27.00 x 1100,27.02 x 1400,16947573
1-10-2018  12:0:57,1-10-2018  12:0:57,26.8,27.07,27.0,27.00 x 1100,27.02 x 1400,16947573
1-10-2018  12:1:13,1-10-2018  12:1:13,26.79,27.07,27.0,27.00 x 1100,27.02 x 1400,16947573
1-10-2018  12:1:30,1-10-2018  12:1:30,26.79,27.07,27.0,27.01 x 1100,27.03 x 1400,16947573
1-10-2018  12:1:46,1-10-2018  12:1:46,26.76,27.07,27.0,27.01 x 1100,27.03 x 1400,16947573
1-10-2018  12:2:2,1-10-2018  12:2:2,26.78,27.07,27.0,27.01 x 1100,27.03 x 1400,16947573
1-10-2018  12:2:18,1-10-2018  12:2:18,26.79,27.07,27.0,27.00 x 1100,27.03 x 1400,16947573
1-10-2018  12:2:35,1-10-2018  12:2:35,26.78,27.07,27.0,27.0000 x 1100,27.0300 x 1400,16947573
1-10-2018  12:2:51,1-10-2018  12:2:51,26.77,27.07,27.0,27.00 x 1100,27.03 x 1400,16947573
1-10-2018  12:3:8,1-10-2018  12:3:8,26.78,27.07,27.0,27.00 x 1100,27.03 x 1400,16947573
1-10-2018  12:3:24,1-10-2018  12:3:24,26.77,27.07,27.0,27.03 x 1100,27.05 x 1400,16947573
1-10-2018  12:3:40,1-10-2018  12:3:40,26.79,27.07,27.0,27.03 x 1100,27.05 x 1400,16947573
1-10-2018  12:3:57,1-10-2018  12:3:57,26.79,27.07,27.0,27.03 x 1100,27.05 x 1400,16947573
1-10-2018  12:4:13,1-10-2018  12:4:13,26.79,27.07,27.0,27.03 x 1100,27.05 x 1400,16947573
1-10-2018  12:4:29,1-10-2018  12:4:29,26.79,27.07,27.0,27.05 x 1100,27.08 x 1800,16947573
1-10-2018  12:4:45,1-10-2018  12:4:45,26.7999,27.07,27.0,27.0500 x 1100,27.0800 x 1800,16947573
1-10-2018  12:5:1,1-10-2018  12:5:1,26.8,27.07,27.0,27.06 x 1100,27.07 x 1800,16947573
1-10-2018  12:5:18,1-10-2018  12:5:18,26.827,27.07,27.0,27.0600 x 1100,27.0700 x 1800,16947573
1-10-2018  12:5:34,1-10-2018  12:5:34,26.83,27.07,27.0,27.06 x 1100,27.07 x 1800,16947573
1-10-2018  12:5:50,1-10-2018  12:5:50,26.8,27.07,27.0,27.06 x 1100,27.07 x 1800,16947573
1-10-2018  12:6:8,1-10-2018  12:6:8,26.8,27.07,27.0,27.05 x 1100,27.07 x 1800,16947573
1-10-2018  12:6:24,1-10-2018  12:6:24,26.83,27.07,27.0,27.05 x 1100,27.07 x 1800,16947573
1-10-2018  12:6:40,1-10-2018  12:6:40,26.8,27.07,27.0,27.05 x 1100,27.07 x 1800,16947573
1-10-2018  12:6:57,1-10-2018  12:6:57,26.8,27.07,27.0,27.050 x 1100,27.070 x 1800,16947573
1-10-2018  12:7:13,1-10-2018  12:7:13,26.81,27.07,27.0,27.05 x 1100,27.07 x 1800,16947573
1-10-2018  12:7:29,1-10-2018  12:7:29,26.83,27.07,27.0,27.05 x 1100,27.07 x 1800,16947573
1-10-2018  12:7:46,1-10-2018  12:7:46,26.8298,27.07,27.0,27.0200 x 1100,27.0400 x 1800,16947573
1-10-2018  12:8:2,1-10-2018  12:8:2,26.84,27.07,27.0,27.0100 x 1100,27.0200 x 1800,16947573
1-10-2018  12:8:18,1-10-2018  12:8:18,26.84,27.07,27.0,27.01 x 1100,27.02 x 1800,16947573
1-10-2018  12:8:34,1-10-2018  12:8:34,26.84,27.07,27.0,27.01 x 1100,27.02 x 1800,16947573
1-10-2018  12:8:50,1-10-2018  12:8:50,26.82,27.07,27.0,26.94 x 1100,26.96 x 1800,16947573
1-10-2018  12:9:6,1-10-2018  12:9:6,26.84,27.07,27.0,26.94 x 1100,26.96 x 1800,16947573
1-10-2018  12:9:21,1-10-2018  12:9:21,26.81,27.07,27.0,26.90 x 1100,26.96 x 1800,16947573
1-10-2018  12:9:38,1-10-2018  12:9:38,26.81,27.07,27.0,26.94 x 1100,26.96 x 1800,16947573
1-10-2018  12:9:54,1-10-2018  12:9:54,26.81,27.07,27.0,26.90 x 1100,26.91 x 1800,16947573
1-10-2018  12:10:10,1-10-2018  12:10:10,26.8,27.07,27.0,26.90 x 1100,26.91 x 1800,16947573
1-10-2018  12:10:26,1-10-2018  12:10:26,26.8,27.07,27.0,26.90 x 1100,26.86 x 1800,16947573
1-10-2018  12:10:42,1-10-2018  12:10:42,26.801,27.07,27.0,26.900 x 1100,26.860 x 1800,16947573
1-10-2018  12:11:6,1-10-2018  12:11:6,26.82,27.07,27.0,26.900 x 800,26.860 x 1800,16947573
1-10-2018  12:11:22,1-10-2018  12:11:22,26.82,27.07,27.0,26.90 x 800,26.86 x 1800,16947573
1-10-2018  12:11:39,1-10-2018  12:11:39,26.8225,27.07,27.0,26.9000 x 800,26.8600 x 1800,16947573
1-10-2018  12:11:55,1-10-2018  12:11:55,26.815,27.07,27.0,26.900 x 800,26.860 x 1800,16947573
1-10-2018  12:12:11,1-10-2018  12:12:11,26.82,27.07,27.0,26.830 x 800,26.860 x 1800,16947573
1-10-2018  12:12:27,1-10-2018  12:12:27,26.8,27.07,27.0,26.81 x 800,26.85 x 900,16947573
1-10-2018  12:12:43,1-10-2018  12:12:43,26.8,27.07,27.0,26.81 x 800,26.85 x 900,16947573
1-10-2018  12:12:59,1-10-2018  12:12:59,26.81,27.07,27.0,26.81 x 800,26.85 x 900,16947573
1-10-2018  12:13:15,1-10-2018  12:13:15,26.8172,27.07,27.0,26.8100 x 800,26.8500 x 900,16947573
1-10-2018  12:13:31,1-10-2018  12:13:31,26.82,27.07,27.0,26.78 x 800,26.81 x 1300,16947573
1-10-2018  12:13:47,1-10-2018  12:13:47,26.8117,27.07,27.0,26.78 x 800,26.81 x 1300,16947573
1-10-2018  12:14:4,1-10-2018  12:14:4,26.8,27.07,27.0,26.78 x 800,26.81 x 1300,16947573
1-10-2018  12:14:20,1-10-2018  12:14:20,26.8,27.07,27.0,26.7800 x 800,26.8100 x 1300,16947573
1-10-2018  12:14:36,1-10-2018  12:14:36,26.8,27.07,27.0,26.80 x 800,26.80 x 1300,16947573
1-10-2018  12:14:51,1-10-2018  12:14:51,26.8,27.07,27.0,26.80 x 800,26.80 x 1300,16947573
1-10-2018  12:15:8,1-10-2018  12:15:8,26.8,27.07,27.0,26.80 x 1800,26.80 x 1300,16947573
1-10-2018  12:15:23,1-10-2018  12:15:23,26.8,27.07,27.0,26.80 x 1800,26.80 x 1300,16947573
1-10-2018  12:15:39,1-10-2018  12:15:39,26.82,27.07,27.0,26.80 x 800,26.80 x 1300,16947573
1-10-2018  12:15:55,1-10-2018  12:15:55,26.82,27.07,27.0,26.79 x 800,26.80 x 1300,16947573
1-10-2018  12:16:11,1-10-2018  12:16:11,26.79,27.07,27.0,26.79 x 800,26.80 x 900,16947573
1-10-2018  12:16:28,1-10-2018  12:16:28,26.78,27.07,27.0,26.79 x 800,26.80 x 900,16947573
1-10-2018  12:16:44,1-10-2018  12:16:44,26.7889,27.07,27.0,26.7800 x 800,26.8000 x 900,16947573
1-10-2018  12:17:0,1-10-2018  12:17:0,26.78,27.07,27.0,26.78 x 800,26.80 x 900,16947573
1-10-2018  12:17:16,1-10-2018  12:17:16,26.78,27.07,27.0,26.78 x 800,26.79 x 800,16947573
1-10-2018  12:17:32,1-10-2018  12:17:32,26.8,27.07,27.0,26.78 x 800,26.79 x 800,16947573
1-10-2018  12:17:48,1-10-2018  12:17:48,26.8,27.07,27.0,26.79 x 800,26.79 x 800,16947573
1-10-2018  12:18:4,1-10-2018  12:18:4,26.81,27.07,27.0,26.79 x 800,26.79 x 800,16947573
1-10-2018  12:18:21,1-10-2018  12:18:21,26.81,27.07,27.0,26.7900 x 800,26.7900 x 800,16947573
1-10-2018  12:18:37,1-10-2018  12:18:37,26.82,27.07,27.0,26.77 x 800,26.80 x 800,16947573
1-10-2018  12:18:53,1-10-2018  12:18:53,26.83,27.07,27.0,26.770 x 800,26.800 x 800,16947573
1-10-2018  12:19:9,1-10-2018  12:19:9,26.83,27.07,27.0,26.77 x 800,26.80 x 800,16947573
1-10-2018  12:19:25,1-10-2018  12:19:25,26.83,27.07,27.0,26.79 x 800,26.80 x 800,16947573
1-10-2018  12:19:41,1-10-2018  12:19:41,26.815,27.07,27.0,26.790 x 800,26.800 x 800,16947573
1-10-2018  12:19:57,1-10-2018  12:19:57,26.83,27.07,27.0,26.79 x 800,26.80 x 800,16947573
1-10-2018  12:20:13,1-10-2018  12:20:13,26.822,27.07,27.0,26.80 x 800,26.83 x 800,16947573
1-10-2018  12:20:29,1-10-2018  12:20:29,26.83,27.07,27.0,26.80 x 800,26.83 x 800,16947573
1-10-2018  12:20:45,1-10-2018  12:20:45,26.83,27.07,27.0,26.80 x 800,26.83 x 800,16947573
1-10-2018  12:21:1,1-10-2018  12:21:1,26.81,27.07,27.0,26.80 x 800,26.83 x 800,16947573
1-10-2018  12:21:17,1-10-2018  12:21:17,26.79,27.07,27.0,26.80 x 800,26.83 x 800,16947573
1-10-2018  12:21:33,1-10-2018  12:21:33,26.7966,27.07,27.0,26.8000 x 800,26.8200 x 800,16947573
1-10-2018  12:21:49,1-10-2018  12:21:49,26.79,27.07,27.0,26.8000 x 800,26.8200 x 800,16947573
1-10-2018  12:22:5,1-10-2018  12:22:5,26.8,27.07,27.0,26.81 x 1800,26.82 x 1400,16947573
1-10-2018  12:22:21,1-10-2018  12:22:21,26.79,27.07,27.0,26.81 x 1800,26.84 x 800,16947573
1-10-2018  12:22:38,1-10-2018  12:22:38,26.79,27.07,27.0,26.81 x 1800,26.84 x 800,16947573
1-10-2018  12:22:54,1-10-2018  12:22:54,26.82,27.07,27.0,26.81 x 1800,26.84 x 800,16947573
1-10-2018  12:23:10,1-10-2018  12:23:10,26.8038,27.07,27.0,26.8200 x 1800,26.8400 x 800,16947573
1-10-2018  12:23:26,1-10-2018  12:23:26,26.83,27.07,27.0,26.82 x 1800,26.84 x 800,16947573
1-10-2018  12:23:42,1-10-2018  12:23:42,26.83,27.07,27.0,26.82 x 1800,26.84 x 800,16947573
1-10-2018  12:23:59,1-10-2018  12:23:59,26.8397,27.07,27.0,26.8200 x 1800,26.8400 x 800,16947573
1-10-2018  12:24:14,1-10-2018  12:24:14,26.84,27.07,27.0,26.81 x 1800,26.83 x 800,16947573
1-10-2018  12:24:31,1-10-2018  12:24:31,26.84,27.07,27.0,26.81 x 1800,26.83 x 800,16947573
1-10-2018  12:24:47,1-10-2018  12:24:47,26.8351,27.07,27.0,26.8100 x 1800,26.8300 x 800,16947573
1-10-2018  12:25:3,1-10-2018  12:25:3,26.835,27.07,27.0,26.810 x 1800,26.830 x 800,16947573
1-10-2018  12:25:19,1-10-2018  12:25:19,26.8265,27.07,27.0,26.8100 x 1800,26.8300 x 800,16947573
1-10-2018  12:25:35,1-10-2018  12:25:35,26.83,27.07,27.0,26.81 x 1800,26.80 x 800,16947573
1-10-2018  12:25:51,1-10-2018  12:25:51,26.83,27.07,27.0,26.810 x 1800,26.800 x 800,16947573
1-10-2018  12:26:8,1-10-2018  12:26:8,26.82,27.07,27.0,26.8000 x 1200,26.8300 x 800,16947573
1-10-2018  12:26:24,1-10-2018  12:26:24,26.82,27.07,27.0,26.80 x 1200,26.83 x 800,16947573
1-10-2018  12:26:40,1-10-2018  12:26:40,26.8201,27.07,27.0,26.8000 x 1200,26.8300 x 800,16947573
1-10-2018  12:26:57,1-10-2018  12:26:57,26.82,27.07,27.0,26.80 x 1200,26.83 x 800,16947573
1-10-2018  12:27:13,1-10-2018  12:27:13,26.82,27.07,27.0,26.80 x 1200,26.83 x 800,16947573
1-10-2018  12:27:29,1-10-2018  12:27:29,26.8299,27.07,27.0,26.8000 x 1200,26.8300 x 1400,16947573
1-10-2018  12:27:46,1-10-2018  12:27:46,26.82,27.07,27.0,26.80 x 1200,26.83 x 1400,16947573
1-10-2018  12:28:2,1-10-2018  12:28:2,26.824,27.07,27.0,26.790 x 1200,26.820 x 1100,16947573
1-10-2018  12:28:18,1-10-2018  12:28:18,26.83,27.07,27.0,26.79 x 1200,26.82 x 1100,16947573
1-10-2018  12:28:34,1-10-2018  12:28:34,26.82,27.07,27.0,26.79 x 800,26.82 x 1100,16947573
1-10-2018  12:28:50,1-10-2018  12:28:50,26.82,27.07,27.0,26.79 x 800,26.82 x 1100,16947573
1-10-2018  12:29:7,1-10-2018  12:29:7,26.81,27.07,27.0,26.79 x 800,26.81 x 1100,16947573
1-10-2018  12:29:23,1-10-2018  12:29:23,26.81,27.07,27.0,26.79 x 800,26.81 x 1100,16947573
1-10-2018  12:29:39,1-10-2018  12:29:39,26.82,27.07,27.0,26.79 x 800,26.81 x 1100,16947573
1-10-2018  12:29:55,1-10-2018  12:29:55,26.85,27.07,27.0,26.79 x 800,26.81 x 1100,16947573
1-10-2018  12:30:11,1-10-2018  12:30:11,26.85,27.07,27.0,26.79 x 800,26.81 x 1100,16947573
1-10-2018  12:30:28,1-10-2018  12:30:28,26.87,27.07,27.0,26.79 x 800,26.81 x 1100,16947573
1-10-2018  12:30:44,1-10-2018  12:30:44,26.85,27.07,27.0,26.79 x 800,26.81 x 1100,16947573
1-10-2018  12:31:0,1-10-2018  12:31:0,26.85,27.07,27.0,26.79 x 800,26.81 x 1100,16947573
1-10-2018  12:31:16,1-10-2018  12:31:16,26.85,27.07,27.0,26.80 x 900,26.81 x 1100,16947573
1-10-2018  12:31:32,1-10-2018  12:31:32,26.8491,27.07,27.0,26.8000 x 900,26.8100 x 1100,16947573
1-10-2018  12:31:48,1-10-2018  12:31:48,26.875,27.07,27.0,26.8000 x 900,26.8100 x 1100,16947573
1-10-2018  12:32:4,1-10-2018  12:32:4,26.88,27.07,27.0,26.8000 x 900,26.8100 x 1100,16947573
1-10-2018  12:32:20,1-10-2018  12:32:20,26.86,27.07,27.0,26.80 x 900,26.81 x 800,16947573
1-10-2018  12:32:37,1-10-2018  12:32:37,26.9,27.07,27.0,26.79 x 900,26.81 x 800,16947573
1-10-2018  12:32:52,1-10-2018  12:32:52,26.89,27.07,27.0,26.79 x 900,26.81 x 800,16947573
1-10-2018  12:33:9,1-10-2018  12:33:9,26.9,27.07,27.0,26.79 x 900,26.81 x 800,16947573
1-10-2018  12:33:25,1-10-2018  12:33:25,26.91,27.07,27.0,26.79 x 900,26.81 x 800,16947573
1-10-2018  12:33:40,1-10-2018  12:33:40,26.91,27.07,27.0,26.80 x 1000,26.83 x 800,16947573
1-10-2018  12:33:56,1-10-2018  12:33:56,26.9,27.07,27.0,26.80 x 1000,26.83 x 800,16947573
1-10-2018  12:34:13,1-10-2018  12:34:13,26.9,27.07,27.0,26.8000 x 1000,26.8300 x 800,16947573
1-10-2018  12:34:29,1-10-2018  12:34:29,26.9,27.07,27.0,26.80 x 1000,26.83 x 800,16947573
1-10-2018  12:34:45,1-10-2018  12:34:45,26.9,27.07,27.0,26.80 x 1000,26.82 x 800,16947573
1-10-2018  12:35:1,1-10-2018  12:35:1,26.9,27.07,27.0,26.82 x 1800,26.82 x 800,16947573
1-10-2018  12:35:17,1-10-2018  12:35:17,26.89,27.07,27.0,26.82 x 1800,26.82 x 800,16947573
1-10-2018  12:35:34,1-10-2018  12:35:34,26.88,27.07,27.0,26.82 x 1800,26.82 x 800,16947573
1-10-2018  12:35:50,1-10-2018  12:35:50,26.9,27.07,27.0,26.82 x 1800,26.82 x 800,16947573
1-10-2018  12:36:5,1-10-2018  12:36:5,26.89,27.07,27.0,26.82 x 1800,26.82 x 800,16947573
1-10-2018  12:36:21,1-10-2018  12:36:21,26.9007,27.07,27.0,26.8200 x 800,26.8200 x 1800,16947573
1-10-2018  12:36:38,1-10-2018  12:36:38,26.9,27.07,27.0,26.79 x 800,26.80 x 1800,16947573
1-10-2018  12:36:54,1-10-2018  12:36:54,26.9047,27.07,27.0,26.7900 x 800,26.8000 x 1800,16947573
1-10-2018  12:37:10,1-10-2018  12:37:10,26.9,27.07,27.0,26.79 x 800,26.80 x 1800,16947573
1-10-2018  12:37:26,1-10-2018  12:37:26,26.9,27.07,27.0,26.79 x 800,26.80 x 1800,16947573
1-10-2018  12:37:42,1-10-2018  12:37:42,26.89,27.07,27.0,26.790 x 800,26.800 x 1800,16947573
1-10-2018  12:37:58,1-10-2018  12:37:58,26.9,27.07,27.0,26.78 x 800,26.81 x 1800,16947573
1-10-2018  12:38:14,1-10-2018  12:38:14,26.89,27.07,27.0,26.78 x 800,26.81 x 1800,16947573
1-10-2018  12:38:30,1-10-2018  12:38:30,26.91,27.07,27.0,26.78 x 800,26.81 x 1800,16947573
1-10-2018  12:38:47,1-10-2018  12:38:47,26.91,27.07,27.0,26.81 x 800,26.81 x 1800,16947573
1-10-2018  12:39:3,1-10-2018  12:39:3,26.9097,27.07,27.0,26.8100 x 800,26.8300 x 1800,16947573
1-10-2018  12:39:19,1-10-2018  12:39:19,26.89,27.07,27.0,26.8100 x 800,26.8300 x 1800,16947573
1-10-2018  12:39:35,1-10-2018  12:39:35,26.88,27.07,27.0,26.82 x 800,26.84 x 800,16947573
1-10-2018  12:39:51,1-10-2018  12:39:51,26.88,27.07,27.0,26.82 x 800,26.84 x 800,16947573
1-10-2018  12:40:7,1-10-2018  12:40:7,26.87,27.07,27.0,26.82 x 800,26.83 x 1800,16947573
1-10-2018  12:40:24,1-10-2018  12:40:24,26.87,27.07,27.0,26.82 x 800,26.83 x 3200,16947573
1-10-2018  12:40:40,1-10-2018  12:40:40,26.87,27.07,27.0,26.82 x 800,26.83 x 3200,16947573
1-10-2018  12:40:56,1-10-2018  12:40:56,26.85,27.07,27.0,26.82 x 800,26.83 x 3200,16947573
1-10-2018  12:41:12,1-10-2018  12:41:12,26.81,27.07,27.0,26.82 x 800,26.83 x 3200,16947573
1-10-2018  12:41:28,1-10-2018  12:41:28,26.8119,27.07,27.0,26.8200 x 800,26.8300 x 3200,16947573
1-10-2018  12:41:44,1-10-2018  12:41:44,26.79,27.07,27.0,26.82 x 800,26.83 x 900,16947573
1-10-2018  12:42:1,1-10-2018  12:42:1,26.79,27.07,27.0,26.81 x 800,26.83 x 900,16947573
1-10-2018  12:42:17,1-10-2018  12:42:17,26.79,27.07,27.0,26.81 x 800,26.83 x 900,16947573
1-10-2018  12:42:33,1-10-2018  12:42:33,26.76,27.07,27.0,26.81 x 800,26.83 x 900,16947573
1-10-2018  12:42:49,1-10-2018  12:42:49,26.77,27.07,27.0,26.81 x 800,26.83 x 900,16947573
1-10-2018  12:43:5,1-10-2018  12:43:5,26.76,27.07,27.0,26.81 x 1300,26.83 x 900,16947573
1-10-2018  12:43:21,1-10-2018  12:43:21,26.76,27.07,27.0,26.81 x 1300,26.83 x 900,16947573
1-10-2018  12:43:37,1-10-2018  12:43:37,26.76,27.07,27.0,26.82 x 1300,26.83 x 800,16947573
1-10-2018  12:43:54,1-10-2018  12:43:54,26.76,27.07,27.0,26.82 x 1300,26.83 x 800,16947573
1-10-2018  12:44:10,1-10-2018  12:44:10,26.74,27.07,27.0,26.82 x 1300,26.83 x 1400,16947573
1-10-2018  12:44:26,1-10-2018  12:44:26,26.74,27.07,27.0,26.82 x 1300,26.83 x 1400,16947573
1-10-2018  12:44:42,1-10-2018  12:44:42,26.72,27.07,27.0,26.82 x 1300,26.82 x 800,16947573
1-10-2018  12:44:58,1-10-2018  12:44:58,26.72,27.07,27.0,26.82 x 1300,26.82 x 800,16947573
1-10-2018  12:45:15,1-10-2018  12:45:15,26.7286,27.07,27.0,26.82 x 1300,26.87 x 800,16947573
1-10-2018  12:45:31,1-10-2018  12:45:31,26.73,27.07,27.0,26.82 x 1300,26.87 x 800,16947573
1-10-2018  12:45:47,1-10-2018  12:45:47,26.73,27.07,27.0,26.85 x 1300,26.87 x 800,16947573
1-10-2018  12:46:3,1-10-2018  12:46:3,26.73,27.07,27.0,26.85 x 1300,26.87 x 800,16947573
1-10-2018  12:46:19,1-10-2018  12:46:19,26.72,27.07,27.0,26.85 x 1300,26.87 x 800,16947573
1-10-2018  12:46:35,1-10-2018  12:46:35,26.72,27.07,27.0,26.85 x 1300,26.85 x 1000,16947573
1-10-2018  12:46:52,1-10-2018  12:46:52,26.7429,27.07,27.0,26.8500 x 1300,26.8500 x 1000,16947573
1-10-2018  12:47:8,1-10-2018  12:47:8,26.74,27.07,27.0,26.8500 x 1300,26.8500 x 1000,16947573
1-10-2018  12:47:24,1-10-2018  12:47:24,26.73,27.07,27.0,26.8500 x 1300,26.8500 x 1000,16947573
1-10-2018  12:47:40,1-10-2018  12:47:40,26.72,27.07,27.0,26.87 x 1300,26.89 x 1000,16947573
1-10-2018  12:47:56,1-10-2018  12:47:56,26.74,27.07,27.0,26.87 x 1300,26.89 x 1000,16947573
1-10-2018  12:48:13,1-10-2018  12:48:13,26.75,27.07,27.0,26.87 x 1300,26.89 x 1000,16947573
1-10-2018  12:48:29,1-10-2018  12:48:29,26.77,27.07,27.0,26.87 x 1300,26.89 x 1000,16947573
1-10-2018  12:48:45,1-10-2018  12:48:45,26.77,27.07,27.0,26.91 x 1300,26.92 x 1000,16947573
1-10-2018  12:49:2,1-10-2018  12:49:2,26.76,27.07,27.0,26.91 x 1300,26.92 x 1000,16947573
1-10-2018  12:49:18,1-10-2018  12:49:18,26.76,27.07,27.0,26.91 x 1300,26.92 x 1000,16947573
1-10-2018  12:49:34,1-10-2018  12:49:34,26.76,27.07,27.0,26.8800 x 1300,26.9200 x 1000,16947573
1-10-2018  12:49:50,1-10-2018  12:49:50,26.745,27.07,27.0,26.880 x 1300,26.920 x 1000,16947573
1-10-2018  12:50:6,1-10-2018  12:50:6,26.75,27.07,27.0,26.88 x 1300,26.92 x 1000,16947573
1-10-2018  12:50:22,1-10-2018  12:50:22,26.74,27.07,27.0,26.8800 x 1300,26.8900 x 1800,16947573
1-10-2018  12:50:38,1-10-2018  12:50:38,26.76,27.07,27.0,26.88 x 1300,26.90 x 800,16947573
1-10-2018  12:50:54,1-10-2018  12:50:54,26.77,27.07,27.0,26.88 x 1300,26.90 x 800,16947573
1-10-2018  12:51:11,1-10-2018  12:51:11,26.77,27.07,27.0,26.88 x 1300,26.90 x 800,16947573
1-10-2018  12:51:27,1-10-2018  12:51:27,26.7735,27.07,27.0,26.8800 x 1300,26.9000 x 800,16947573
1-10-2018  12:51:43,1-10-2018  12:51:43,26.77,27.07,27.0,26.89 x 1300,26.89 x 800,16947573
1-10-2018  12:51:59,1-10-2018  12:51:59,26.77,27.07,27.0,26.8900 x 1300,26.8900 x 800,16947573
1-10-2018  12:52:15,1-10-2018  12:52:15,26.77,27.07,27.0,26.890 x 1300,26.890 x 800,16947573
1-10-2018  12:52:31,1-10-2018  12:52:31,26.77,27.07,27.0,26.89 x 1300,26.89 x 800,16947573
1-10-2018  12:52:47,1-10-2018  12:52:47,26.7698,27.07,27.0,26.8900 x 1300,26.8900 x 800,16947573
1-10-2018  12:53:3,1-10-2018  12:53:3,26.78,27.07,27.0,26.90 x 1300,26.90 x 800,16947573
1-10-2018  12:53:20,1-10-2018  12:53:20,26.78,27.07,27.0,26.90 x 1300,26.90 x 800,16947573
1-10-2018  12:53:36,1-10-2018  12:53:36,26.76,27.07,27.0,26.90 x 1300,26.90 x 800,16947573
1-10-2018  12:53:52,1-10-2018  12:53:52,26.7662,27.07,27.0,26.9000 x 1300,26.9000 x 800,16947573
1-10-2018  12:54:8,1-10-2018  12:54:8,26.77,27.07,27.0,26.9100 x 1300,26.9100 x 800,16947573
1-10-2018  12:54:24,1-10-2018  12:54:24,26.76,27.07,27.0,26.91 x 1300,26.91 x 800,16947573
1-10-2018  12:54:40,1-10-2018  12:54:40,26.75,27.07,27.0,26.8800 x 1300,26.9100 x 800,16947573
1-10-2018  12:54:56,1-10-2018  12:54:56,26.75,27.07,27.0,26.88 x 1300,26.91 x 800,16947573
1-10-2018  12:55:12,1-10-2018  12:55:12,26.7542,27.07,27.0,26.8800 x 1300,26.9100 x 800,16947573
1-10-2018  12:55:28,1-10-2018  12:55:28,26.74,27.07,27.0,26.88 x 1300,26.91 x 800,16947573
1-10-2018  12:55:45,1-10-2018  12:55:45,26.74,27.07,27.0,26.86 x 1300,26.88 x 800,16947573
1-10-2018  12:56:1,1-10-2018  12:56:1,26.74,27.07,27.0,26.86 x 1300,26.87 x 800,16947573
1-10-2018  12:56:17,1-10-2018  12:56:17,26.76,27.07,27.0,26.86 x 1300,26.87 x 800,16947573
1-10-2018  12:56:33,1-10-2018  12:56:33,26.75,27.07,27.0,26.86 x 1300,26.87 x 800,16947573
1-10-2018  12:56:49,1-10-2018  12:56:49,26.76,27.07,27.0,26.8600 x 1300,26.8700 x 800,16947573
1-10-2018  12:57:5,1-10-2018  12:57:5,26.76,27.07,27.0,26.79 x 1300,26.81 x 900,16947573
1-10-2018  12:57:21,1-10-2018  12:57:21,26.76,27.07,27.0,26.7900 x 1300,26.8100 x 900,16947573
1-10-2018  12:57:37,1-10-2018  12:57:37,26.76,27.07,27.0,26.77 x 1300,26.81 x 900,16947573
1-10-2018  12:57:54,1-10-2018  12:57:54,26.75,27.07,27.0,26.77 x 1300,26.81 x 900,16947573
1-10-2018  12:58:10,1-10-2018  12:58:10,26.74,27.07,27.0,26.77 x 1300,26.76 x 900,16947573
1-10-2018  12:58:26,1-10-2018  12:58:26,26.75,27.07,27.0,26.75 x 1300,26.76 x 900,16947573
1-10-2018  12:58:42,1-10-2018  12:58:42,26.74,27.07,27.0,26.75 x 1300,26.76 x 900,16947573
1-10-2018  12:58:59,1-10-2018  12:58:59,26.74,27.07,27.0,26.75 x 1300,26.76 x 900,16947573
1-10-2018  12:59:16,1-10-2018  12:59:16,26.74,27.07,27.0,26.75 x 1300,26.76 x 900,16947573
1-10-2018  12:59:32,1-10-2018  12:59:32,26.7368,27.07,27.0,26.7500 x 1300,26.7600 x 900,16947573
1-10-2018  12:59:48,1-10-2018  12:59:48,26.7498,27.07,27.0,26.7500 x 1300,26.7600 x 900,16947573
1-10-2018  13:0:4,1-10-2018  13:0:4,26.745,27.07,27.0,26.720 x 1300,26.730 x 900,16947573
1-10-2018  13:0:20,1-10-2018  13:0:20,26.76,27.07,27.0,26.72 x 1300,26.73 x 900,16947573
1-10-2018  13:0:36,1-10-2018  13:0:36,26.76,27.07,27.0,26.72 x 1300,26.73 x 900,16947573
1-10-2018  13:0:53,1-10-2018  13:0:53,26.78,27.07,27.0,26.72 x 1300,26.73 x 900,16947573
1-10-2018  13:1:9,1-10-2018  13:1:9,26.78,27.07,27.0,26.73 x 1300,26.75 x 900,16947573
1-10-2018  13:1:25,1-10-2018  13:1:25,26.79,27.07,27.0,26.73 x 1300,26.75 x 900,16947573
1-10-2018  13:1:41,1-10-2018  13:1:41,26.78,27.07,27.0,26.73 x 1300,26.75 x 900,16947573
1-10-2018  13:1:58,1-10-2018  13:1:58,26.79,27.07,27.0,26.73 x 1300,26.75 x 900,16947573
1-10-2018  13:2:14,1-10-2018  13:2:14,26.77,27.07,27.0,26.73 x 1300,26.75 x 900,16947573
1-10-2018  13:2:30,1-10-2018  13:2:30,26.77,27.07,27.0,26.7200 x 1300,26.7400 x 1800,16947573
1-10-2018  13:2:46,1-10-2018  13:2:46,26.76,27.07,27.0,26.72 x 1300,26.74 x 1800,16947573
1-10-2018  13:3:2,1-10-2018  13:3:2,26.7642,27.07,27.0,26.7200 x 1300,26.7400 x 1800,16947573
1-10-2018  13:3:18,1-10-2018  13:3:18,26.75,27.07,27.0,26.74 x 1300,26.76 x 1800,16947573
1-10-2018  13:3:35,1-10-2018  13:3:35,26.76,27.07,27.0,26.74 x 1300,26.76 x 1800,16947573
1-10-2018  13:3:51,1-10-2018  13:3:51,26.76,27.07,27.0,26.74 x 1300,26.76 x 1800,16947573
1-10-2018  13:4:7,1-10-2018  13:4:7,26.75,27.07,27.0,26.77 x 1300,26.77 x 1800,16947573
1-10-2018  13:4:23,1-10-2018  13:4:23,26.755,27.07,27.0,26.770 x 1300,26.770 x 1800,16947573
1-10-2018  13:4:40,1-10-2018  13:4:40,26.77,27.07,27.0,26.77 x 1300,26.77 x 1800,16947573
1-10-2018  13:4:56,1-10-2018  13:4:56,26.77,27.07,27.0,26.7700 x 1300,26.7500 x 1800,16947573
1-10-2018  13:5:12,1-10-2018  13:5:12,26.77,27.07,27.0,26.77 x 1300,26.75 x 1800,16947573
1-10-2018  13:5:28,1-10-2018  13:5:28,26.78,27.07,27.0,26.77 x 1300,26.75 x 1800,16947573
1-10-2018  13:5:44,1-10-2018  13:5:44,26.76,27.07,27.0,26.77 x 1300,26.75 x 1800,16947573
1-10-2018  13:6:1,1-10-2018  13:6:1,26.76,27.07,27.0,26.75 x 1300,26.75 x 1800,16947573
1-10-2018  13:6:17,1-10-2018  13:6:17,26.78,27.07,27.0,26.75 x 1300,26.75 x 1800,16947573
1-10-2018  13:6:33,1-10-2018  13:6:33,26.78,27.07,27.0,26.75 x 1300,26.75 x 1800,16947573
1-10-2018  13:6:49,1-10-2018  13:6:49,26.7748,27.07,27.0,26.7500 x 1300,26.7700 x 1800,16947573
1-10-2018  13:7:6,1-10-2018  13:7:6,26.77,27.07,27.0,26.75 x 1300,26.77 x 1800,16947573
1-10-2018  13:7:22,1-10-2018  13:7:22,26.78,27.07,27.0,26.75 x 1300,26.77 x 1800,16947573
1-10-2018  13:7:38,1-10-2018  13:7:38,26.79,27.07,27.0,26.75 x 1300,26.77 x 1800,16947573
1-10-2018  13:7:54,1-10-2018  13:7:54,26.78,27.07,27.0,26.75 x 1300,26.77 x 1800,16947573
1-10-2018  13:8:10,1-10-2018  13:8:10,26.77,27.07,27.0,26.75 x 1300,26.77 x 1800,16947573
1-10-2018  13:8:26,1-10-2018  13:8:26,26.76,27.07,27.0,26.75 x 800,26.78 x 1800,16947573
1-10-2018  13:8:43,1-10-2018  13:8:43,26.75,27.07,27.0,26.75 x 800,26.78 x 1800,16947573
1-10-2018  13:8:59,1-10-2018  13:8:59,26.75,27.07,27.0,26.76 x 800,26.78 x 1800,16947573
1-10-2018  13:9:15,1-10-2018  13:9:15,26.76,27.07,27.0,26.76 x 800,26.77 x 1800,16947573
1-10-2018  13:9:31,1-10-2018  13:9:31,26.75,27.07,27.0,26.76 x 800,26.77 x 1800,16947573
1-10-2018  13:9:47,1-10-2018  13:9:47,26.75,27.07,27.0,26.75 x 800,26.77 x 1800,16947573
1-10-2018  13:10:3,1-10-2018  13:10:3,26.74,27.07,27.0,26.75 x 800,26.77 x 1800,16947573
1-10-2018  13:10:19,1-10-2018  13:10:19,26.7475,27.07,27.0,26.7500 x 800,26.7700 x 1800,16947573
1-10-2018  13:10:35,1-10-2018  13:10:35,26.747,27.07,27.0,26.740 x 800,26.750 x 1800,16947573
1-10-2018  13:10:51,1-10-2018  13:10:51,26.75,27.07,27.0,26.74 x 800,26.75 x 1800,16947573
1-10-2018  13:11:7,1-10-2018  13:11:7,26.75,27.07,27.0,26.740 x 800,26.750 x 1800,16947573
1-10-2018  13:11:23,1-10-2018  13:11:23,26.7401,27.07,27.0,26.7500 x 800,26.7600 x 1800,16947573
1-10-2018  13:11:39,1-10-2018  13:11:39,26.75,27.07,27.0,26.75 x 800,26.76 x 1800,16947573
1-10-2018  13:11:55,1-10-2018  13:11:55,26.75,27.07,27.0,26.75 x 800,26.76 x 1800,16947573
1-10-2018  13:12:11,1-10-2018  13:12:11,26.75,27.07,27.0,26.75 x 800,26.76 x 1800,16947573
1-10-2018  13:12:27,1-10-2018  13:12:27,26.75,27.07,27.0,26.75 x 800,26.76 x 1800,16947573
1-10-2018  13:12:43,1-10-2018  13:12:43,26.75,27.07,27.0,26.76 x 800,26.76 x 1800,16947573
1-10-2018  13:12:59,1-10-2018  13:12:59,26.75,27.07,27.0,26.76 x 800,26.76 x 1200,16947573
1-10-2018  13:13:16,1-10-2018  13:13:16,26.76,27.07,27.0,26.76 x 800,26.76 x 1200,16947573
1-10-2018  13:13:32,1-10-2018  13:13:32,26.78,27.07,27.0,26.76 x 800,26.76 x 1200,16947573
1-10-2018  13:13:48,1-10-2018  13:13:48,26.79,27.07,27.0,26.7600 x 800,26.7600 x 1200,16947573
1-10-2018  13:14:4,1-10-2018  13:14:4,26.78,27.07,27.0,26.74 x 800,26.76 x 1200,16947573
1-10-2018  13:14:21,1-10-2018  13:14:21,26.8,27.07,27.0,26.74 x 800,26.76 x 1200,16947573
1-10-2018  14:8:7,1-10-2018  14:8:7,27.02,27.07,27.0,26.81 x 1800,26.81 x 900,16947573
1-10-2018  14:8:23,1-10-2018  14:8:23,27.02,27.07,27.0,26.810 x 1800,26.810 x 900,16947573
1-10-2018  14:8:40,1-10-2018  14:8:40,27.0,27.07,27.0,26.81 x 1800,26.81 x 900,16947573
1-10-2018  14:8:56,1-10-2018  14:8:56,26.91,27.07,27.0,26.81 x 1800,26.81 x 900,16947573
1-10-2018  14:9:12,1-10-2018  14:9:12,26.91,27.07,27.0,26.8100 x 1800,26.8300 x 900,16947573
1-10-2018  14:9:29,1-10-2018  14:9:29,26.91,27.07,27.0,26.8100 x 1800,26.8300 x 900,16947573
1-10-2018  14:9:45,1-10-2018  14:9:45,26.91,27.07,27.0,26.8100 x 1800,26.8300 x 900,16947573
1-10-2018  14:10:1,1-10-2018  14:10:1,26.92,27.07,27.0,26.8100 x 1800,26.8200 x 1800,16947573
1-10-2018  14:10:17,1-10-2018  14:10:17,26.89,27.07,27.0,26.81 x 1800,26.82 x 1800,16947573
1-10-2018  14:10:33,1-10-2018  14:10:33,26.9,27.07,27.0,26.81 x 1800,26.82 x 1800,16947573
1-10-2018  14:10:50,1-10-2018  14:10:50,26.9,27.07,27.0,26.81 x 1800,26.82 x 1800,16947573
1-10-2018  14:11:6,1-10-2018  14:11:6,26.86,27.07,27.0,26.81 x 1800,26.82 x 1800,16947573
1-10-2018  14:11:22,1-10-2018  14:11:22,26.8307,27.07,27.0,26.8300 x 1800,26.8400 x 1800,16947573
1-10-2018  14:11:38,1-10-2018  14:11:38,26.83,27.07,27.0,26.83 x 1800,26.84 x 1800,16947573
1-10-2018  14:11:55,1-10-2018  14:11:55,26.83,27.07,27.0,26.8300 x 1800,26.8400 x 1800,16947573
1-10-2018  14:12:11,1-10-2018  14:12:11,26.85,27.07,27.0,26.8300 x 1800,26.8400 x 1800,16947573
1-10-2018  14:12:28,1-10-2018  14:12:28,26.85,27.07,27.0,26.83 x 1800,26.85 x 1800,16947573
1-10-2018  14:12:44,1-10-2018  14:12:44,26.85,27.07,27.0,26.85 x 1000,26.86 x 1800,16947573
1-10-2018  14:13:0,1-10-2018  14:13:0,26.85,27.07,27.0,26.85 x 1000,26.86 x 1800,16947573
1-10-2018  14:13:16,1-10-2018  14:13:16,26.841,27.07,27.0,26.850 x 1000,26.860 x 1800,16947573
1-10-2018  14:13:32,1-10-2018  14:13:32,26.85,27.07,27.0,26.85 x 1000,26.86 x 1800,16947573
1-10-2018  14:13:49,1-10-2018  14:13:49,26.87,27.07,27.0,26.81 x 1000,26.82 x 800,16947573
1-10-2018  14:14:5,1-10-2018  14:14:5,26.84,27.07,27.0,26.81 x 1000,26.82 x 800,16947573
1-10-2018  14:14:21,1-10-2018  14:14:21,26.84,27.07,27.0,26.81 x 1000,26.82 x 800,16947573
1-10-2018  14:14:37,1-10-2018  14:14:37,26.85,27.07,27.0,26.81 x 1000,26.82 x 800,16947573
1-10-2018  14:14:53,1-10-2018  14:14:53,26.83,27.07,27.0,26.81 x 1000,26.82 x 800,16947573
1-10-2018  14:15:9,1-10-2018  14:15:9,26.83,27.07,27.0,26.8100 x 1000,26.8200 x 800,16947573
1-10-2018  14:15:25,1-10-2018  14:15:25,26.83,27.07,27.0,26.81 x 1000,26.82 x 800,16947573
1-10-2018  14:15:42,1-10-2018  14:15:42,26.84,27.07,27.0,26.81 x 1000,26.82 x 800,16947573
1-10-2018  14:15:58,1-10-2018  14:15:58,26.83,27.07,27.0,26.81 x 1000,26.82 x 800,16947573
1-10-2018  14:16:15,1-10-2018  14:16:15,26.81,27.07,27.0,26.79 x 800,26.82 x 800,16947573
1-10-2018  14:16:31,1-10-2018  14:16:31,26.8,27.07,27.0,26.79 x 800,26.82 x 800,16947573
1-10-2018  14:16:48,1-10-2018  14:16:48,26.8,27.07,27.0,26.78 x 800,26.80 x 800,16947573
1-10-2018  14:17:4,1-10-2018  14:17:4,26.76,27.07,27.0,26.780 x 800,26.800 x 800,16947573
1-10-2018  14:17:20,1-10-2018  14:17:20,26.76,27.07,27.0,26.78 x 800,26.80 x 800,16947573
1-10-2018  14:17:37,1-10-2018  14:17:37,26.77,27.07,27.0,26.76 x 800,26.77 x 1000,16947573
1-10-2018  14:17:53,1-10-2018  14:17:53,26.77,27.07,27.0,26.76 x 800,26.77 x 1000,16947573
1-10-2018  14:18:9,1-10-2018  14:18:9,26.73,27.07,27.0,26.76 x 800,26.77 x 1000,16947573
1-10-2018  14:18:25,1-10-2018  14:18:25,26.72,27.07,27.0,26.88 x 800,26.89 x 1000,16947573
1-10-2018  14:18:41,1-10-2018  14:18:41,26.75,27.07,27.0,26.88 x 800,26.89 x 1000,16947573
1-10-2018  14:18:58,1-10-2018  14:18:58,26.75,27.07,27.0,26.88 x 800,26.89 x 1000,16947573
1-10-2018  14:19:14,1-10-2018  14:19:14,26.73,27.07,27.0,26.87 x 800,26.90 x 1000,16947573
1-10-2018  14:19:30,1-10-2018  14:19:30,26.76,27.07,27.0,26.870 x 800,26.900 x 1000,16947573
1-10-2018  14:19:46,1-10-2018  14:19:46,26.77,27.07,27.0,26.87 x 800,26.90 x 1000,16947573
1-10-2018  14:20:3,1-10-2018  14:20:3,26.76,27.07,27.0,26.87 x 800,26.90 x 1000,16947573
1-10-2018  14:20:19,1-10-2018  14:20:19,26.76,27.07,27.0,26.87 x 800,26.90 x 1000,16947573
1-10-2018  14:20:35,1-10-2018  14:20:35,26.74,27.07,27.0,26.94 x 1100,26.97 x 900,16947573
1-10-2018  14:20:51,1-10-2018  14:20:51,26.73,27.07,27.0,26.94 x 1100,26.97 x 900,16947573
1-10-2018  14:21:8,1-10-2018  14:21:8,26.73,27.07,27.0,26.94 x 1100,26.97 x 900,16947573
1-10-2018  14:21:24,1-10-2018  14:21:24,26.74,27.07,27.0,26.97 x 1100,26.98 x 900,16947573
1-10-2018  14:21:41,1-10-2018  14:21:41,26.76,27.07,27.0,26.97 x 1100,26.98 x 900,16947573
1-10-2018  14:21:57,1-10-2018  14:21:57,26.76,27.07,27.0,26.97 x 1100,26.98 x 900,16947573
1-10-2018  14:22:13,1-10-2018  14:22:13,26.77,27.07,27.0,26.97 x 1100,26.98 x 900,16947573
1-10-2018  14:22:29,1-10-2018  14:22:29,26.79,27.07,27.0,26.97 x 800,26.98 x 900,16947573
1-10-2018  14:22:45,1-10-2018  14:22:45,26.77,27.07,27.0,26.97 x 800,26.98 x 900,16947573
1-10-2018  14:23:2,1-10-2018  14:23:2,26.78,27.07,27.0,26.98 x 800,26.99 x 900,16947573
1-10-2018  14:23:18,1-10-2018  14:23:18,26.77,27.07,27.0,26.98 x 800,26.99 x 900,16947573
1-10-2018  14:23:34,1-10-2018  14:23:34,26.77,27.07,27.0,27.01 x 800,26.99 x 900,16947573
1-10-2018  14:23:51,1-10-2018  14:23:51,26.77,27.07,27.0,27.01 x 800,27.01 x 900,16947573
1-10-2018  14:24:7,1-10-2018  14:24:7,26.77,27.07,27.0,27.01 x 800,27.01 x 900,16947573
1-10-2018  14:24:23,1-10-2018  14:24:23,26.7699,27.07,27.0,26.9200 x 800,27.0100 x 900,16947573
1-10-2018  14:24:39,1-10-2018  14:24:39,26.78,27.07,27.0,26.92 x 800,27.01 x 900,16947573
1-10-2018  14:24:55,1-10-2018  14:24:55,26.77,27.07,27.0,26.92 x 800,26.95 x 900,16947573
1-10-2018  14:25:11,1-10-2018  14:25:11,26.77,27.07,27.0,26.92 x 800,26.95 x 900,16947573
1-10-2018  14:25:27,1-10-2018  14:25:27,26.8,27.07,27.0,26.91 x 800,26.90 x 900,16947573
1-10-2018  14:25:43,1-10-2018  14:25:43,26.8,27.07,27.0,26.91 x 800,26.90 x 900,16947573
1-10-2018  14:25:59,1-10-2018  14:25:59,26.8,27.07,27.0,26.91 x 800,26.90 x 900,16947573
1-10-2018  14:26:15,1-10-2018  14:26:15,26.8,27.07,27.0,26.87 x 800,26.90 x 900,16947573
1-10-2018  14:26:32,1-10-2018  14:26:32,26.81,27.07,27.0,26.87 x 800,26.90 x 900,16947573
1-10-2018  14:26:48,1-10-2018  14:26:48,26.79,27.07,27.0,26.87 x 800,26.90 x 900,16947573
1-10-2018  14:27:4,1-10-2018  14:27:4,26.7801,27.07,27.0,26.8700 x 800,26.9000 x 900,16947573
1-10-2018  14:27:20,1-10-2018  14:27:20,26.77,27.07,27.0,26.87 x 800,26.90 x 900,16947573
1-10-2018  14:27:36,1-10-2018  14:27:36,26.77,27.07,27.0,26.87 x 800,26.90 x 900,16947573
1-10-2018  14:27:52,1-10-2018  14:27:52,26.7722,27.07,27.0,26.8700 x 800,26.9000 x 900,16947573
1-10-2018  14:28:9,1-10-2018  14:28:9,26.77,27.07,27.0,26.84 x 800,26.85 x 900,16947573
1-10-2018  14:28:25,1-10-2018  14:28:25,26.75,27.07,27.0,26.85 x 800,26.87 x 900,16947573
1-10-2018  14:28:41,1-10-2018  14:28:41,26.78,27.07,27.0,26.85 x 800,26.87 x 900,16947573
1-10-2018  14:28:57,1-10-2018  14:28:57,26.75,27.07,27.0,26.85 x 800,26.87 x 900,16947573
1-10-2018  14:29:13,1-10-2018  14:29:13,26.77,27.07,27.0,26.85 x 800,26.87 x 900,16947573
1-10-2018  14:29:29,1-10-2018  14:29:29,26.78,27.07,27.0,26.85 x 800,26.87 x 900,16947573
1-10-2018  14:29:46,1-10-2018  14:29:46,26.78,27.07,27.0,26.850 x 800,26.870 x 900,16947573
1-10-2018  14:30:2,1-10-2018  14:30:2,26.78,27.07,27.0,26.850 x 800,26.870 x 900,16947573
1-10-2018  14:30:18,1-10-2018  14:30:18,26.78,27.07,27.0,26.85 x 800,26.86 x 900,16947573
1-10-2018  14:30:34,1-10-2018  14:30:34,26.78,27.07,27.0,26.85 x 800,26.86 x 900,16947573
1-10-2018  14:30:50,1-10-2018  14:30:50,26.76,27.07,27.0,26.84 x 800,26.86 x 900,16947573
1-10-2018  14:31:6,1-10-2018  14:31:6,26.77,27.07,27.0,26.84 x 800,26.86 x 900,16947573
1-10-2018  14:31:22,1-10-2018  14:31:22,26.77,27.07,27.0,26.84 x 800,26.86 x 900,16947573
1-10-2018  14:31:38,1-10-2018  14:31:38,26.82,27.07,27.0,26.80 x 800,26.85 x 900,16947573
1-10-2018  14:31:54,1-10-2018  14:31:54,26.83,27.07,27.0,26.80 x 800,26.85 x 900,16947573
1-10-2018  14:32:10,1-10-2018  14:32:10,26.85,27.07,27.0,26.76 x 800,26.82 x 800,16947573
1-10-2018  14:32:26,1-10-2018  14:32:26,26.8399,27.07,27.0,26.7600 x 800,26.8200 x 800,16947573
1-10-2018  14:32:42,1-10-2018  14:32:42,26.83,27.07,27.0,26.76 x 800,26.82 x 800,16947573
1-10-2018  14:32:58,1-10-2018  14:32:58,26.85,27.07,27.0,26.76 x 800,26.76 x 800,16947573
1-10-2018  14:33:14,1-10-2018  14:33:14,26.83,27.07,27.0,26.76 x 800,26.76 x 800,16947573
1-10-2018  14:33:31,1-10-2018  14:33:31,26.85,27.07,27.0,26.76 x 800,26.76 x 800,16947573
1-10-2018  14:33:47,1-10-2018  14:33:47,26.86,27.07,27.0,26.76 x 800,26.76 x 800,16947573
1-10-2018  14:34:3,1-10-2018  14:34:3,26.81,27.07,27.0,26.76 x 800,26.75 x 800,16947573
1-10-2018  14:34:19,1-10-2018  14:34:19,26.81,27.07,27.0,26.7300 x 800,26.7500 x 800,16947573
1-10-2018  14:34:35,1-10-2018  14:34:35,26.83,27.07,27.0,26.73 x 800,26.76 x 800,16947573
1-10-2018  14:34:50,1-10-2018  14:34:50,26.83,27.07,27.0,26.73 x 800,26.76 x 800,16947573
1-10-2018  14:35:6,1-10-2018  14:35:6,26.83,27.07,27.0,26.75 x 800,26.76 x 800,16947573
1-10-2018  14:35:23,1-10-2018  14:35:23,26.83,27.07,27.0,26.75 x 800,26.76 x 800,16947573
1-10-2018  14:35:39,1-10-2018  14:35:39,26.8,27.07,27.0,26.75 x 800,26.76 x 800,16947573
1-10-2018  14:35:55,1-10-2018  14:35:55,26.78,27.07,27.0,26.7500 x 800,26.7600 x 800,16947573
1-10-2018  14:36:11,1-10-2018  14:36:11,26.78,27.07,27.0,26.75 x 800,26.76 x 800,16947573
1-10-2018  14:36:27,1-10-2018  14:36:27,26.77,27.07,27.0,26.72 x 800,26.74 x 800,16947573
1-10-2018  14:36:44,1-10-2018  14:36:44,26.77,27.07,27.0,26.72 x 800,26.74 x 800,16947573
1-10-2018  14:37:0,1-10-2018  14:37:0,26.7741,27.07,27.0,26.7200 x 800,26.7400 x 800,16947573
1-10-2018  14:37:16,1-10-2018  14:37:16,26.76,27.07,27.0,26.75 x 800,26.74 x 800,16947573
1-10-2018  14:37:32,1-10-2018  14:37:32,26.76,27.07,27.0,26.7500 x 800,26.7400 x 800,16947573
1-10-2018  14:37:48,1-10-2018  14:37:48,26.76,27.07,27.0,26.75 x 800,26.78 x 800,16947573
1-10-2018  14:38:5,1-10-2018  14:38:5,26.76,27.07,27.0,26.7500 x 800,26.7800 x 800,16947573
1-10-2018  14:38:21,1-10-2018  14:38:21,26.77,27.07,27.0,26.77 x 800,26.78 x 800,16947573
1-10-2018  14:38:38,1-10-2018  14:38:38,26.75,27.07,27.0,26.77 x 800,26.78 x 800,16947573
1-10-2018  14:38:54,1-10-2018  14:38:54,26.75,27.07,27.0,26.77 x 800,26.78 x 800,16947573
1-10-2018  14:39:10,1-10-2018  14:39:10,26.77,27.07,27.0,26.77 x 800,26.78 x 800,16947573
1-10-2018  14:39:27,1-10-2018  14:39:27,26.79,27.07,27.0,26.77 x 800,26.77 x 1800,16947573
1-10-2018  14:39:43,1-10-2018  14:39:43,26.79,27.07,27.0,26.77 x 1800,26.77 x 1800,16947573
1-10-2018  14:40:0,1-10-2018  14:40:0,26.775,27.07,27.0,26.770 x 1800,26.770 x 1800,16947573
1-10-2018  14:40:16,1-10-2018  14:40:16,26.77,27.07,27.0,26.77 x 1800,26.77 x 1800,16947573
1-10-2018  14:40:32,1-10-2018  14:40:32,26.77,27.07,27.0,26.77 x 1800,26.79 x 1800,16947573
1-10-2018  14:40:48,1-10-2018  14:40:48,26.77,27.07,27.0,26.79 x 1800,26.79 x 1800,16947573
1-10-2018  14:41:4,1-10-2018  14:41:4,26.76,27.07,27.0,26.79 x 1800,26.79 x 1800,16947573
1-10-2018  14:41:20,1-10-2018  14:41:20,26.76,27.07,27.0,26.79 x 1800,26.79 x 1800,16947573
1-10-2018  14:41:37,1-10-2018  14:41:37,26.76,27.07,27.0,26.8000 x 1800,26.7900 x 1800,16947573
1-10-2018  14:41:53,1-10-2018  14:41:53,26.75,27.07,27.0,26.80 x 1800,26.79 x 1800,16947573
1-10-2018  14:42:9,1-10-2018  14:42:9,26.75,27.07,27.0,26.80 x 1800,26.80 x 1800,16947573
1-10-2018  14:42:26,1-10-2018  14:42:26,26.75,27.07,27.0,26.80 x 1800,26.80 x 1800,16947573
1-10-2018  14:42:42,1-10-2018  14:42:42,26.74,27.07,27.0,26.75 x 1200,26.77 x 1800,16947573
1-10-2018  14:42:58,1-10-2018  14:42:58,26.76,27.07,27.0,26.75 x 1200,26.77 x 1800,16947573
1-10-2018  14:43:14,1-10-2018  14:43:14,26.7531,27.07,27.0,26.7500 x 1200,26.7700 x 1800,16947573
1-10-2018  14:43:30,1-10-2018  14:43:30,26.77,27.07,27.0,26.75 x 1200,26.77 x 1800,16947573
1-10-2018  14:43:46,1-10-2018  14:43:46,26.76,27.07,27.0,26.75 x 1200,26.77 x 1800,16947573
1-10-2018  14:44:2,1-10-2018  14:44:2,26.76,27.07,27.0,26.75 x 1200,26.77 x 1800,16947573
1-10-2018  14:44:18,1-10-2018  14:44:18,26.76,27.07,27.0,26.75 x 1200,26.77 x 1800,16947573
1-10-2018  14:44:34,1-10-2018  14:44:34,26.76,27.07,27.0,26.75 x 1200,26.77 x 1800,16947573
1-10-2018  14:44:50,1-10-2018  14:44:50,26.76,27.07,27.0,26.75 x 1200,26.77 x 1800,16947573
1-10-2018  14:45:7,1-10-2018  14:45:7,26.77,27.07,27.0,26.750 x 1200,26.770 x 1800,16947573
1-10-2018  14:45:23,1-10-2018  14:45:23,26.81,27.07,27.0,26.75 x 1200,26.77 x 1800,16947573
1-10-2018  14:45:39,1-10-2018  14:45:39,26.8,27.07,27.0,26.76 x 1200,26.77 x 1400,16947573
1-10-2018  14:45:55,1-10-2018  14:45:55,26.8,27.07,27.0,26.76 x 1200,26.77 x 1400,16947573
1-10-2018  14:46:11,1-10-2018  14:46:11,26.8139,27.07,27.0,26.7600 x 1200,26.7700 x 1400,16947573
1-10-2018  14:46:27,1-10-2018  14:46:27,26.81,27.07,27.0,26.77 x 1200,26.77 x 1400,16947573
1-10-2018  14:46:44,1-10-2018  14:46:44,26.8,27.07,27.0,26.77 x 1200,26.81 x 1400,16947573
1-10-2018  14:47:0,1-10-2018  14:47:0,26.8,27.07,27.0,26.77 x 1200,26.81 x 1400,16947573
1-10-2018  14:47:17,1-10-2018  14:47:17,26.8,27.07,27.0,26.81 x 1200,26.81 x 1400,16947573
1-10-2018  14:47:33,1-10-2018  14:47:33,26.78,27.07,27.0,26.81 x 1200,26.86 x 1400,16947573
1-10-2018  14:47:50,1-10-2018  14:47:50,26.7897,27.07,27.0,26.8100 x 1200,26.8600 x 1400,16947573
1-10-2018  14:48:6,1-10-2018  14:48:6,26.79,27.07,27.0,26.820 x 1200,26.860 x 1400,16947573
1-10-2018  14:48:22,1-10-2018  14:48:22,26.76,27.07,27.0,26.8200 x 1200,26.8600 x 1400,16947573
1-10-2018  14:48:38,1-10-2018  14:48:38,26.77,27.07,27.0,26.82 x 2900,26.85 x 1300,16947573
1-10-2018  14:48:55,1-10-2018  14:48:55,26.77,27.07,27.0,26.82 x 2900,26.85 x 1300,16947573
1-10-2018  14:49:11,1-10-2018  14:49:11,26.7729,27.07,27.0,26.8200 x 2900,26.8500 x 1300,16947573
1-10-2018  14:49:27,1-10-2018  14:49:27,26.7732,27.07,27.0,26.8200 x 2900,26.8500 x 1300,16947573
1-10-2018  14:49:43,1-10-2018  14:49:43,26.76,27.07,27.0,26.8200 x 2900,26.8500 x 1300,16947573
1-10-2018  14:49:59,1-10-2018  14:49:59,26.76,27.07,27.0,26.8200 x 2900,26.8500 x 1300,16947573
1-10-2018  14:50:16,1-10-2018  14:50:16,26.7705,27.07,27.0,26.8200 x 2900,26.8500 x 1300,16947573
1-10-2018  14:50:32,1-10-2018  14:50:32,26.77,27.07,27.0,26.82 x 2900,26.82 x 1300,16947573
1-10-2018  14:50:49,1-10-2018  14:50:49,26.7799,27.07,27.0,26.7900 x 2900,26.8200 x 1300,16947573
1-10-2018  14:51:5,1-10-2018  14:51:5,26.77,27.07,27.0,26.79 x 2900,26.82 x 1300,16947573
1-10-2018  14:51:21,1-10-2018  14:51:21,26.77,27.07,27.0,26.79 x 2900,26.79 x 1300,16947573
1-10-2018  14:51:37,1-10-2018  14:51:37,26.78,27.07,27.0,26.790 x 2900,26.790 x 1300,16947573
1-10-2018  14:51:54,1-10-2018  14:51:54,26.78,27.07,27.0,26.790 x 2900,26.790 x 1300,16947573
1-10-2018  14:52:10,1-10-2018  14:52:10,26.77,27.07,27.0,26.7900 x 2900,26.7900 x 1300,16947573
1-10-2018  14:52:26,1-10-2018  14:52:26,26.77,27.07,27.0,26.79 x 2900,26.79 x 1300,16947573
1-10-2018  14:52:42,1-10-2018  14:52:42,26.75,27.07,27.0,26.790 x 2900,26.790 x 1300,16947573
1-10-2018  14:52:59,1-10-2018  14:52:59,26.75,27.07,27.0,26.75 x 2900,26.79 x 1300,16947573
1-10-2018  14:53:15,1-10-2018  14:53:15,26.75,27.07,27.0,26.75 x 2900,26.77 x 1300,16947573
1-10-2018  14:53:32,1-10-2018  14:53:32,26.75,27.07,27.0,26.75 x 2900,26.77 x 1300,16947573
1-10-2018  14:53:48,1-10-2018  14:53:48,26.77,27.07,27.0,26.75 x 1300,26.77 x 1300,16947573
1-10-2018  14:54:4,1-10-2018  14:54:4,26.79,27.07,27.0,26.75 x 3100,26.77 x 1300,16947573
1-10-2018  14:54:20,1-10-2018  14:54:20,26.8,27.07,27.0,26.75 x 3100,26.78 x 1300,16947573
1-10-2018  14:54:36,1-10-2018  14:54:36,26.79,27.07,27.0,26.7500 x 3100,26.7800 x 1300,16947573
1-10-2018  14:54:53,1-10-2018  14:54:53,26.81,27.07,27.0,26.75 x 3100,26.78 x 1300,16947573
1-10-2018  14:55:9,1-10-2018  14:55:9,26.83,27.07,27.0,26.75 x 3100,26.78 x 1300,16947573
1-10-2018  14:55:25,1-10-2018  14:55:25,26.82,27.07,27.0,26.77 x 3100,26.78 x 1200,16947573
1-10-2018  14:55:42,1-10-2018  14:55:42,26.8299,27.07,27.0,26.7700 x 3100,26.7800 x 1200,16947573
1-10-2018  14:55:58,1-10-2018  14:55:58,26.82,27.07,27.0,26.77 x 3100,26.78 x 1200,16947573
1-10-2018  14:56:14,1-10-2018  14:56:14,26.82,27.07,27.0,26.770 x 3100,26.780 x 1000,16947573
1-10-2018  14:56:30,1-10-2018  14:56:30,26.82,27.07,27.0,26.7700 x 3100,26.7800 x 1100,16947573
1-10-2018  14:56:47,1-10-2018  14:56:47,26.82,27.07,27.0,26.770 x 3100,26.780 x 1100,16947573
1-10-2018  14:57:3,1-10-2018  14:57:3,26.82,27.07,27.0,26.74 x 3100,26.76 x 1000,16947573
1-10-2018  14:57:19,1-10-2018  14:57:19,26.82,27.07,27.0,26.74 x 3100,26.76 x 1000,16947573
1-10-2018  14:57:35,1-10-2018  14:57:35,26.82,27.07,27.0,26.7400 x 3100,26.7600 x 1000,16947573
1-10-2018  14:57:52,1-10-2018  14:57:52,26.82,27.07,27.0,26.74 x 3100,26.76 x 1000,16947573
1-10-2018  14:58:8,1-10-2018  14:58:8,26.83,27.07,27.0,26.75 x 1100,26.76 x 1000,16947573
1-10-2018  14:58:24,1-10-2018  14:58:24,26.85,27.07,27.0,26.75 x 1100,26.76 x 1000,16947573
1-10-2018  14:58:40,1-10-2018  14:58:40,26.83,27.07,27.0,26.75 x 1100,26.76 x 1000,16947573
1-10-2018  14:58:57,1-10-2018  14:58:57,26.82,27.07,27.0,26.75 x 1100,26.76 x 1000,16947573
1-10-2018  14:59:13,1-10-2018  14:59:13,26.82,27.07,27.0,26.75 x 800,26.77 x 1000,16947573
1-10-2018  14:59:30,1-10-2018  14:59:30,26.83,27.07,27.0,26.75 x 800,26.77 x 1000,16947573
1-10-2018  14:59:46,1-10-2018  14:59:46,26.82,27.07,27.0,26.75 x 800,26.77 x 1000,16947573
1-10-2018  15:0:2,1-10-2018  15:0:2,26.83,27.07,27.0,26.75 x 800,26.77 x 1000,16947573
1-10-2018  15:0:18,1-10-2018  15:0:18,26.83,27.07,27.0,26.7500 x 800,26.7700 x 1000,16947573
1-10-2018  15:0:35,1-10-2018  15:0:35,26.83,27.07,27.0,26.7700 x 800,26.7700 x 1000,16947573
1-10-2018  15:0:51,1-10-2018  15:0:51,26.83,27.07,27.0,26.7700 x 800,26.7700 x 1000,16947573
1-10-2018  15:1:7,1-10-2018  15:1:7,26.83,27.07,27.0,26.770 x 800,26.770 x 1000,16947573
1-10-2018  15:1:23,1-10-2018  15:1:23,26.83,27.07,27.0,26.77 x 800,26.77 x 1000,16947573
1-10-2018  15:1:39,1-10-2018  15:1:39,26.8256,27.07,27.0,26.7700 x 2900,26.8000 x 1000,16947573
1-10-2018  15:1:56,1-10-2018  15:1:56,26.8299,27.07,27.0,26.7700 x 2900,26.8000 x 1000,16947573
1-10-2018  15:2:12,1-10-2018  15:2:12,26.83,27.07,27.0,26.77 x 2900,26.80 x 1000,16947573
1-10-2018  15:2:28,1-10-2018  15:2:28,26.83,27.07,27.0,26.77 x 2900,26.80 x 1000,16947573
1-10-2018  15:2:44,1-10-2018  15:2:44,26.8219,27.07,27.0,26.7800 x 1100,26.7900 x 1400,16947573
1-10-2018  15:3:1,1-10-2018  15:3:1,26.83,27.07,27.0,26.78 x 1100,26.79 x 1400,16947573
1-10-2018  15:3:17,1-10-2018  15:3:17,26.82,27.07,27.0,26.7800 x 1100,26.7900 x 1400,16947573
1-10-2018  15:3:33,1-10-2018  15:3:33,26.82,27.07,27.0,26.78 x 1100,26.79 x 1400,16947573
1-10-2018  15:3:49,1-10-2018  15:3:49,26.82,27.07,27.0,26.78 x 1100,26.79 x 1400,16947573
1-10-2018  15:4:5,1-10-2018  15:4:5,26.82,27.07,27.0,26.77 x 1100,26.77 x 1400,16947573
1-10-2018  15:4:21,1-10-2018  15:4:21,26.82,27.07,27.0,26.77 x 1100,26.77 x 1400,16947573
1-10-2018  15:4:38,1-10-2018  15:4:38,26.82,27.07,27.0,26.7700 x 1100,26.7800 x 1400,16947573
1-10-2018  15:4:54,1-10-2018  15:4:54,26.8233,27.07,27.0,26.7700 x 1100,26.7800 x 1400,16947573
1-10-2018  15:5:11,1-10-2018  15:5:11,26.81,27.07,27.0,26.77 x 1100,26.78 x 1400,16947573
1-10-2018  15:5:27,1-10-2018  15:5:27,26.82,27.07,27.0,26.77 x 1100,26.78 x 1400,16947573
1-10-2018  15:5:43,1-10-2018  15:5:43,26.82,27.07,27.0,26.7700 x 1100,26.7800 x 1400,16947573
1-10-2018  15:5:59,1-10-2018  15:5:59,26.8,27.07,27.0,26.77 x 1100,26.78 x 1400,16947573
1-10-2018  15:6:15,1-10-2018  15:6:15,26.81,27.07,27.0,26.77 x 1100,26.77 x 1400,16947573
1-10-2018  15:6:32,1-10-2018  15:6:32,26.8,27.07,27.0,26.77 x 800,26.77 x 1400,16947573
1-10-2018  15:6:56,1-10-2018  15:6:56,26.79,27.07,27.0,26.77 x 800,26.77 x 1400,16947573
1-10-2018  15:7:12,1-10-2018  15:7:12,26.7875,27.07,27.0,26.7700 x 800,26.7700 x 1400,16947573
1-10-2018  15:7:28,1-10-2018  15:7:28,26.784,27.07,27.0,26.760 x 800,26.770 x 800,16947573
1-10-2018  15:7:44,1-10-2018  15:7:44,26.784,27.07,27.0,26.7600 x 800,26.7700 x 800,16947573
1-10-2018  15:8:0,1-10-2018  15:8:0,26.79,27.07,27.0,26.76 x 800,26.77 x 800,16947573
1-10-2018  15:8:16,1-10-2018  15:8:16,26.79,27.07,27.0,26.76 x 800,26.77 x 800,16947573
1-10-2018  15:8:32,1-10-2018  15:8:32,26.79,27.07,27.0,26.76 x 800,26.77 x 800,16947573
1-10-2018  15:8:48,1-10-2018  15:8:48,26.78,27.07,27.0,26.76 x 1300,26.77 x 800,16947573
1-10-2018  15:9:5,1-10-2018  15:9:5,26.78,27.07,27.0,26.76 x 1300,26.77 x 800,16947573
1-10-2018  15:9:21,1-10-2018  15:9:21,26.79,27.07,27.0,26.76 x 1300,26.77 x 800,16947573
1-10-2018  15:9:37,1-10-2018  15:9:37,26.78,27.07,27.0,26.76 x 1300,26.77 x 1800,16947573
1-10-2018  15:9:53,1-10-2018  15:9:53,26.7821,27.07,27.0,26.7900 x 1300,26.7700 x 1800,16947573
1-10-2018  15:10:9,1-10-2018  15:10:9,26.78,27.07,27.0,26.79 x 1300,26.81 x 1800,16947573
1-10-2018  15:10:26,1-10-2018  15:10:26,26.7866,27.07,27.0,26.82 x 1300,26.82 x 1400,16947573
1-10-2018  15:10:42,1-10-2018  15:10:42,26.79,27.07,27.0,26.82 x 1300,26.82 x 1400,16947573
1-10-2018  15:10:58,1-10-2018  15:10:58,26.79,27.07,27.0,26.820 x 1300,26.820 x 1400,16947573
1-10-2018  15:11:14,1-10-2018  15:11:14,26.79,27.07,27.0,26.82 x 1300,26.82 x 1400,16947573
1-10-2018  15:11:30,1-10-2018  15:11:30,26.76,27.07,27.0,26.82 x 1300,26.82 x 1400,16947573
1-10-2018  15:11:47,1-10-2018  15:11:47,26.77,27.07,27.0,26.82 x 1300,26.82 x 1400,16947573
1-10-2018  15:12:3,1-10-2018  15:12:3,26.76,27.07,27.0,26.81 x 1300,26.82 x 1200,16947573
1-10-2018  15:12:19,1-10-2018  15:12:19,26.77,27.07,27.0,26.81 x 1300,26.82 x 1200,16947573
1-10-2018  15:12:36,1-10-2018  15:12:36,26.78,27.07,27.0,26.8100 x 1300,26.8200 x 1200,16947573
1-10-2018  15:12:52,1-10-2018  15:12:52,26.78,27.07,27.0,26.81 x 1300,26.82 x 1200,16947573
1-10-2018  15:13:9,1-10-2018  15:13:9,26.77,27.07,27.0,26.81 x 1300,26.82 x 1200,16947573
1-10-2018  15:13:25,1-10-2018  15:13:25,26.7831,27.07,27.0,26.8100 x 1300,26.8200 x 1200,16947573
1-10-2018  15:13:42,1-10-2018  15:13:42,26.78,27.07,27.0,26.81 x 1300,26.82 x 1200,16947573
1-10-2018  15:13:58,1-10-2018  15:13:58,26.78,27.07,27.0,26.820 x 1300,26.840 x 1200,16947573
1-10-2018  15:14:15,1-10-2018  15:14:15,26.79,27.07,27.0,26.82 x 1300,26.84 x 1200,16947573
1-10-2018  15:14:31,1-10-2018  15:14:31,26.785,27.07,27.0,26.820 x 1300,26.840 x 1200,16947573
1-10-2018  15:14:47,1-10-2018  15:14:47,26.78,27.07,27.0,26.82 x 1300,26.84 x 1200,16947573
1-10-2018  15:15:3,1-10-2018  15:15:3,26.78,27.07,27.0,26.83 x 1800,26.84 x 1200,16947573
1-10-2018  15:15:19,1-10-2018  15:15:19,26.785,27.07,27.0,26.8200 x 1300,26.8400 x 1200,16947573
1-10-2018  15:15:35,1-10-2018  15:15:35,26.79,27.07,27.0,26.82 x 1300,26.84 x 1200,16947573
1-10-2018  15:15:52,1-10-2018  15:15:52,26.79,27.07,27.0,26.83 x 1800,26.84 x 1200,16947573
1-10-2018  15:16:8,1-10-2018  15:16:8,26.79,27.07,27.0,26.83 x 1800,26.84 x 1200,16947573
1-10-2018  15:16:24,1-10-2018  15:16:24,26.8,27.07,27.0,26.83 x 1800,26.83 x 1200,16947573
1-10-2018  15:16:41,1-10-2018  15:16:41,26.8,27.07,27.0,26.83 x 1800,26.83 x 1200,16947573
1-10-2018  15:16:57,1-10-2018  15:16:57,26.8,27.07,27.0,26.830 x 1800,26.830 x 1200,16947573
1-10-2018  15:17:13,1-10-2018  15:17:13,26.79,27.07,27.0,26.83 x 1800,26.83 x 800,16947573
1-10-2018  15:17:30,1-10-2018  15:17:30,26.8,27.07,27.0,26.8300 x 1800,26.8300 x 800,16947573
1-10-2018  15:17:46,1-10-2018  15:17:46,26.8,27.07,27.0,26.83 x 1800,26.84 x 800,16947573
1-10-2018  15:18:2,1-10-2018  15:18:2,26.7975,27.07,27.0,26.8300 x 1800,26.8400 x 800,16947573
1-10-2018  15:18:19,1-10-2018  15:18:19,26.8,27.07,27.0,26.81 x 1800,26.84 x 800,16947573
1-10-2018  15:18:35,1-10-2018  15:18:35,26.8,27.07,27.0,26.81 x 1800,26.84 x 800,16947573
1-10-2018  15:18:51,1-10-2018  15:18:51,26.8,27.07,27.0,26.8100 x 1800,26.8400 x 800,16947573
1-10-2018  15:19:7,1-10-2018  15:19:7,26.8,27.07,27.0,26.81 x 1800,26.82 x 900,16947573
1-10-2018  15:19:24,1-10-2018  15:19:24,26.79,27.07,27.0,26.81 x 1800,26.82 x 900,16947573
1-10-2018  15:19:40,1-10-2018  15:19:40,26.78,27.07,27.0,26.81 x 1800,26.83 x 900,16947573
1-10-2018  15:19:56,1-10-2018  15:19:56,26.78,27.07,27.0,26.81 x 1800,26.83 x 900,16947573
1-10-2018  15:20:12,1-10-2018  15:20:12,26.77,27.07,27.0,26.810 x 1800,26.830 x 900,16947573
1-10-2018  15:20:29,1-10-2018  15:20:29,26.78,27.07,27.0,26.81 x 1800,26.82 x 1000,16947573
1-10-2018  15:20:45,1-10-2018  15:20:45,26.79,27.07,27.0,26.810 x 1800,26.820 x 1000,16947573
1-10-2018  15:21:1,1-10-2018  15:21:1,26.78,27.07,27.0,26.80 x 800,26.81 x 1000,16947573
1-10-2018  15:21:17,1-10-2018  15:21:17,26.78,27.07,27.0,26.80 x 800,26.81 x 1000,16947573
1-10-2018  15:21:33,1-10-2018  15:21:33,26.77,27.07,27.0,26.80 x 800,26.81 x 1000,16947573
1-10-2018  15:21:50,1-10-2018  15:21:50,26.77,27.07,27.0,26.80 x 800,26.80 x 1000,16947573
1-10-2018  15:22:6,1-10-2018  15:22:6,26.78,27.07,27.0,26.79 x 800,26.80 x 1000,16947573
1-10-2018  15:22:22,1-10-2018  15:22:22,26.77,27.07,27.0,26.79 x 800,26.80 x 1000,16947573
1-10-2018  15:22:38,1-10-2018  15:22:38,26.77,27.07,27.0,26.7900 x 800,26.8000 x 1000,16947573
1-10-2018  15:22:55,1-10-2018  15:22:55,26.76,27.07,27.0,26.79 x 800,26.80 x 1000,16947573
1-10-2018  15:23:11,1-10-2018  15:23:11,26.7625,27.07,27.0,26.7900 x 800,26.8000 x 1000,16947573
1-10-2018  15:23:27,1-10-2018  15:23:27,26.761,27.07,27.0,26.790 x 1000,26.800 x 800,16947573
1-10-2018  15:23:43,1-10-2018  15:23:43,26.77,27.07,27.0,26.79 x 1000,26.80 x 800,16947573
1-10-2018  15:23:59,1-10-2018  15:23:59,26.76,27.07,27.0,26.79 x 1000,26.80 x 800,16947573
1-10-2018  15:24:15,1-10-2018  15:24:15,26.74,27.07,27.0,26.79 x 1000,26.80 x 800,16947573
1-10-2018  15:24:32,1-10-2018  15:24:32,26.74,27.07,27.0,26.79 x 1000,26.80 x 800,16947573
1-10-2018  15:24:48,1-10-2018  15:24:48,26.75,27.07,27.0,26.77 x 900,26.79 x 800,16947573
1-10-2018  15:25:4,1-10-2018  15:25:4,26.75,27.07,27.0,26.77 x 900,26.79 x 800,16947573
1-10-2018  15:25:21,1-10-2018  15:25:21,26.74,27.07,27.0,26.77 x 900,26.79 x 800,16947573
1-10-2018  15:25:37,1-10-2018  15:25:37,26.76,27.07,27.0,26.77 x 900,26.79 x 800,16947573
1-10-2018  15:25:53,1-10-2018  15:25:53,26.75,27.07,27.0,26.77 x 900,26.79 x 800,16947573
1-10-2018  15:26:9,1-10-2018  15:26:9,26.75,27.07,27.0,26.77 x 900,26.79 x 800,16947573
1-10-2018  15:26:25,1-10-2018  15:26:25,26.75,27.07,27.0,26.77 x 800,26.79 x 800,16947573
1-10-2018  15:26:42,1-10-2018  15:26:42,26.75,27.07,27.0,26.77 x 800,26.79 x 900,16947573
1-10-2018  15:26:58,1-10-2018  15:26:58,26.75,27.07,27.0,26.77 x 800,26.79 x 900,16947573
1-10-2018  15:27:15,1-10-2018  15:27:15,26.7472,27.07,27.0,26.7700 x 800,26.7900 x 900,16947573
1-10-2018  15:27:31,1-10-2018  15:27:31,26.75,27.07,27.0,26.77 x 800,26.79 x 900,16947573
1-10-2018  15:27:48,1-10-2018  15:27:48,26.74,27.07,27.0,26.77 x 800,26.77 x 1400,16947573
1-10-2018  15:28:4,1-10-2018  15:28:4,26.729,27.07,27.0,26.770 x 800,26.770 x 1400,16947573
1-10-2018  15:28:20,1-10-2018  15:28:20,26.73,27.07,27.0,26.78 x 800,26.77 x 1400,16947573
1-10-2018  15:28:36,1-10-2018  15:28:36,26.76,27.07,27.0,26.78 x 800,26.77 x 1400,16947573
1-10-2018  15:28:52,1-10-2018  15:28:52,26.76,27.07,27.0,26.78 x 800,26.77 x 1400,16947573
1-10-2018  15:29:8,1-10-2018  15:29:8,26.74,27.07,27.0,26.78 x 800,26.77 x 1400,16947573
1-10-2018  15:29:25,1-10-2018  15:29:25,26.76,27.07,27.0,26.78 x 800,26.77 x 1400,16947573
1-10-2018  15:29:41,1-10-2018  15:29:41,26.76,27.07,27.0,26.78 x 800,26.77 x 900,16947573
1-10-2018  15:29:57,1-10-2018  15:29:57,26.75,27.07,27.0,26.78 x 800,26.77 x 900,16947573
1-10-2018  15:30:13,1-10-2018  15:30:13,26.745,27.07,27.0,26.780 x 800,26.770 x 900,16947573
1-10-2018  15:30:30,1-10-2018  15:30:30,26.74,27.07,27.0,26.78 x 800,26.77 x 900,16947573
1-10-2018  15:30:46,1-10-2018  15:30:46,26.74,27.07,27.0,26.79 x 800,26.80 x 1000,16947573
1-10-2018  15:31:2,1-10-2018  15:31:2,26.745,27.07,27.0,26.790 x 800,26.800 x 1000,16947573
1-10-2018  15:31:18,1-10-2018  15:31:18,26.7387,27.07,27.0,26.7800 x 800,26.7700 x 1000,16947573
1-10-2018  15:31:35,1-10-2018  15:31:35,26.75,27.07,27.0,26.79 x 2200,26.80 x 1000,16947573
1-10-2018  15:31:50,1-10-2018  15:31:50,26.75,27.07,27.0,26.79 x 2200,26.80 x 1000,16947573
1-10-2018  15:32:7,1-10-2018  15:32:7,26.75,27.07,27.0,26.79 x 2200,26.80 x 1000,16947573
1-10-2018  15:32:23,1-10-2018  15:32:23,26.75,27.07,27.0,26.78 x 900,26.79 x 1000,16947573
1-10-2018  15:32:39,1-10-2018  15:32:39,26.74,27.07,27.0,26.78 x 900,26.79 x 1000,16947573
1-10-2018  15:32:55,1-10-2018  15:32:55,26.76,27.07,27.0,26.78 x 900,26.79 x 1000,16947573
1-10-2018  15:33:11,1-10-2018  15:33:11,26.76,27.07,27.0,26.780 x 900,26.790 x 1000,16947573
1-10-2018  15:33:27,1-10-2018  15:33:27,26.76,27.07,27.0,26.78 x 900,26.79 x 1000,16947573
1-10-2018  15:33:44,1-10-2018  15:33:44,26.76,27.07,27.0,26.78 x 1000,26.79 x 1000,16947573
1-10-2018  15:34:0,1-10-2018  15:34:0,26.76,27.07,27.0,26.78 x 1000,26.79 x 1000,16947573
1-10-2018  15:34:16,1-10-2018  15:34:16,26.78,27.07,27.0,26.78 x 1000,26.79 x 1000,16947573
1-10-2018  15:34:32,1-10-2018  15:34:32,26.78,27.07,27.0,26.78 x 1000,26.79 x 1000,16947573
1-10-2018  15:34:48,1-10-2018  15:34:48,26.76,27.07,27.0,26.7800 x 1200,26.7900 x 1000,16947573
1-10-2018  15:35:4,1-10-2018  15:35:4,26.77,27.07,27.0,26.79 x 1200,26.79 x 1000,16947573
1-10-2018  15:35:20,1-10-2018  15:35:20,26.77,27.07,27.0,26.79 x 1200,26.79 x 1000,16947573
1-10-2018  15:35:37,1-10-2018  15:35:37,26.76,27.07,27.0,26.77 x 1200,26.78 x 1000,16947573
1-10-2018  15:35:53,1-10-2018  15:35:53,26.7754,27.07,27.0,26.77 x 1200,26.78 x 1000,16947573
1-10-2018  15:36:9,1-10-2018  15:36:9,26.76,27.07,27.0,26.77 x 1200,26.78 x 1000,16947573
1-10-2018  15:36:25,1-10-2018  15:36:25,26.78,27.07,27.0,26.77 x 1200,26.78 x 1000,16947573
1-10-2018  15:36:41,1-10-2018  15:36:41,26.78,27.07,27.0,26.77 x 1200,26.78 x 1000,16947573
1-10-2018  15:36:58,1-10-2018  15:36:58,26.8,27.07,27.0,26.77 x 1200,26.78 x 1000,16947573
1-10-2018  15:37:14,1-10-2018  15:37:14,26.8,27.07,27.0,26.77 x 1200,26.78 x 1000,16947573
1-10-2018  15:37:29,1-10-2018  15:37:29,26.82,27.07,27.0,26.77 x 1200,26.77 x 1300,16947573
1-10-2018  15:37:46,1-10-2018  15:37:46,26.82,27.07,27.0,26.77 x 1200,26.77 x 1300,16947573
1-10-2018  15:38:2,1-10-2018  15:38:2,26.83,27.07,27.0,26.77 x 1200,26.77 x 1300,16947573
